1824 2991
626 134 1021 178 METAMORPH.
1041 136 1138 179 Lm.
1159 137 1230 179 v1.

1605 144 1683 195 177

172 222 530 277 Orchomenosque
547 224 670 273 ferox,
691 233 731 264 et
752 223 897 265 nobilis
910 239 990 265 aere
1011 224 1243 278 Corinthos,
1296 233 1324 256 e*
1341 226 1689 280 Qrcl=0menu³⁸q2va2et

170 278 439 334 Messeneque
456 282 577 331 ferax,
594 280 816 334 Patraeque,
833 280 1086 336 humilesque
1101 283 1279 335 Cleonae,
1295 267 1458 300 C⁰’‘¹¹¹‘¹¹'²⁵
1479 272 1600 303 ⁰⁶¹⁶br¹³
1615 285 1687 313 Μὴ

1295 319 1325 340 et
1348 310 1486 342 Messene
1519 314 1637 350 fertilis,·
1655 324 1690 346 et

156 334 226 379 'Et
237 335 369 376 Nelea
382 335 512 390 Pylos,
533 350 664 391 neque
687 336 818 377 adhuc
841 336 1016 381 Pittheia
1031 338 1233 389 Troezen3
1294 350 1400 389 Patrae,
1424 361 1455 382 et
1481 356 1592 393 exiguae
1617 356 1686 387 Cle-

169 389 358 446 Quaeque
381 393 495 432 urbes
508 393 600 433 aliae
621 392 765 433 bimari
785 393 1028 434 clauduntur
1047 395 1096 434 ab
1113 395 1266 437 Isthmo
1293 403 1370 430 ouae,
1387 403 1416 423 ⁰1
1431 392 1520 435 Pylas
1536 396 1637 434 Νθῐὲᾱ,
1653 406 1685 430 et

166 444 438 502 Exteriusque
448 449 534 489 sitae
544 449 690 489 bimari
703 457 933 503 spectantur
947 451 998 490 ab
1008 450 1177 493 Isthmo.
1193 457 1278 494 420
1292 480 1303 486 -

168 502 340 544 Credere
359 505 448 559 quis
463 505 608 559 possit?
640 507 735 545 solae
756 506 918 557 cessatis
938 507 1127 548 Athenae,

167 559 336 600 Obstitit
355 561 491 601 officio
512 563 663 602 bellurn
679 577 691 612 3
720 566 992 617 subvectaque
1011 574 1136 617 ponto

104 628 107 635 ¹
167 613 344 659 Barbara
359 617 594 672 Mopsopios
614 619 816 658 terrebant
835 619 999 672 agmina
1019 633 1166 661 muros,

165 671 377 714 Threicius
392 674 543 714 Tereus
562 674 650 714 haec
671 674 930 714 auxiliaribus
949 675 1069 716 armis

1268 428 1278 446 '
1292 434 1418 465 Troezen
1429 437 1559 467 nondum
1571 437 1684 470 Pitthe-

1293 487 1320 507 ia
1342 478 1435 512 άέςίας
1461 487 1490 508 et
1510 480 1596 509 urbes
1619 481 1683 511 aliae

1294 530 1360 558 quae
1372 519 1546 550 clauduntur
1555 521 1592 550 ab
1606 521 1685 552 {sth-

1294 570 1343 590 mo
1357 561 1472 597 bimari,
1494 572 1619 603 quaeque
1635 574 1685 594 ex-

1292 609 1337 631 tra
1351 601 1497 632 Isthmum
1507 605 1571 634 sitae
1581 605 1618 634 ab
1633 605 1685 636 illo

1294 645 1527 684 conspiciuntur,
1564 656 1684 686 rogave-

1235 693 1241 699 *
1295 693 1362 715 runt
1379 695 1445 715 suos
1459 697 1542 726 reges
1555 696 1588 717 ut
1601 698 1687 718 acce-

166 727 202 768 F
202 728 358 778 uderat3
381 740 420 769 et
434 731 587 771 clarum
608 730 806 771 vincendo
820 743 969 770 nomen
984 723 1170 774 habebat.
1194 735 1277 773 425
1294 727 1688 768 derentconsolandigratia.

166 783 301 828 Quem
316 785 391 826 sibi
408 786 591 828 Pandion
611 787 834 842 opibusque
849 787 1020 841 virisque
1041 796 1263 841 potentem,

166 838 224 881 Et
243 855 370 895 genus
389 843 414 882 a
431 857 580 896 magno
600 843 816 883 dueentem
835 843 934 882 forte
957 843 1146 894 Gradivo,

795 897 889 938 Non
906 901 1089 952 pronuba
1108 900 1135 940 J
1139 914 1239 952 uno5

166 951 260 992 Non
280 953 531 1007 Hymenaeus
551 955 674 1004 adest,
697 968 776 994 non
798 954 858 993 illi
881 954 1021 995 Gratia
1041 957 1164 997 lecto.

166 1007 416 1050 Eumenides
431 1012 596 1049 tenuere
610 1012 713 1050 faces
734 1010 783 1049 de
803 1009 945 1049 funere
959 1019 1087 1064 raptas
1104 1028 1114 1051 ε

166 1062 414 1105 Eumenides
429 1067 601 1105 stravere
620 1075 750 1105 torum
769 1080 780 1114 ;
812 1073 998 1120 tectoque
1019 1068 1207 1120 profanus

165 1119 357 1161 Incubuit
376 1122 499 1171 bub0,
513 1121 762 1176 thalamique
778 1122 821 1161 in
835 1121 1015 1162 culmine
1031 1123 1146 1163 sedit.

167 895 383 938 Connubio
398 899 572 951 Prognes
587 897 734 952 junxit.

1294 769 1371 802 Quis
1384 770 1476 809 possit
1498 770 1585 800 fidem
1601 771 1686 802 adhi-

1294 810 1362 840 bere
1373 811 1386 840 ?
1404 810 1482 841 Solae
1493 810 1623 841 Athenae
1633 812 1684 842 de-

1293 853 1362 881 estis
1373 853 1564 883 humam‘tatis
1578 853 1672 895 officio
1680 866 1691 885 .-

1295 893 1354 923 Cui
1407 893 1517 924 bellum
1561 896 1686 936 impedi-

1292 942 1394 964 mento
1409 935 1480 972 fuit,
1495 943 1523 965 et
1539 938 1684 968 exercitus

1292 975 1429 1006 barbarus
1457 977 1600 1008 adductus
1631 989 1685 1019 per

1191 1015 1276 1052 430
1293 1027 1371 1046 mare
1407 1019 1578 1048 imminebat
1619 1031 1687 1050 mu-

1297 1059 1337 1087 ris
1352 1057 1519 1099 Mopsopiis
1534 1071 1540 1088 z
1572 1059 1687 1091 Tereus

1291 1098 1433 1130 Thracius
1444 1100 1522 1130 hunc
1529 1103 1686 1134 exercitum

1292 1139 1441 1182 fugaverat
1462 1144 1549 1172 armis
1564 1144 1686 1174 auxilia-

1292 1183 1391 1219 ribus;
1422 1191 1453 1212 et
1479 1182 1608 1215 habebat
1630 1196 1686 1216 no-

161 1216 232 1248 men
253 1228 395 1259 magnum
409 1229 445 1249 ex
459 1219 588 1249 victoria.
631 1217 731 1253 Quem
746 1226 898 1260 potentem
924 1219 1032 1250 divitiis
1047 1228 1078 1250 et
1088 1221 1167 1258 viris,
1182 1229 1212 1252 et
1232 1222 1395 1254 trahentem
1418 1235 1511 1266 genus
1537 1225 1646 1257 clarum
1668 1228 1687 1258 ὃ.

163 1269 273 1300 magno
284 1258 395 1296 Marte,
412 1259 543 1290 Pandion
565 1260 620 1290 sibi
636 1261 764 1291 devinxit
789 1261 928 1302 conjugio
941 1259 1082 1302 Prognes,
1125 1261 1210 1293 Juno
1222 1267 1356 1305 pronuba
1371 1277 1431 1296 non
1446 1267 1515 1297 favit
1536 1267 1579 1298 illi
1605 1276 1686 1307 tor0,

164 1311 260 1349 neque
273 1301 466 1342 Hymenaeus,
478 1313 574 1342 neque
589 1302 710 1333 Gratim·
743 1302 841 1333 Furiae
852 1303 1044 1343 praetulerunt
1054 1303 1143 1333 taedas
1154 1316 1237 1336 nwoe
1250 1313 1361 1348 παρίω,
1375 1319 1446 1349 quas
1462 1308 1498 1338 de
1509 1308 1685 1341 funebribus

122 1346 127 1350 “
160 1352 241 1382 rogzs
253 1353 428 1384 rapuerunt:
452 1343 548 1375 Furiae
562 1344 778 1376 adornaverunt
789 1345 919 1382 lectum;

164 1383 281 1427 fastigio
294 1384 428 1419 thalami.

943 1352 974 1375 et
987 1345 1069 1376 bubo
1088 1345 1245 1378 obscoenus
1259 1349 1365 1389 insedit
1378 1357 1470 1389 tecto,
1494 1357 1525 1381 et
1550 1352 1632 1382 stetit
1654 1354 1686 1382 in
1723 1377 1726 1379 Α

800 1535 805 1537 .
853 1505 994 1537 NOTAE.

164 1564 228 1594 nesi
241 1562 493 1605 Septentrionem,
518 1564 602 1604 cujus
617 1565 694 1604 agris
707 1564 778 1594 irata
790 1553 902 1601 Diana,

945 1571 1004 1593 tur.
1040 1562 1121 1594 Intra
1133 1562 1282 1597 Isthmum
1291 1573 1362 1597 sunt
1370 1563 1567 1609 Peloponnesi
1581 1567 1683 1609 urbes,

163 1605 243 1646 quod
265 1606 302 1636 ad
315 1604 421 1636 Oeneo
437 1616 506 1647 rege
525 1606 666 1647 primitias
681 1604 751 1635 Diis
767 1606 904 1635 omnibus
946 1612 1024 1635 extra
1038 1607 1106 1635 νει-ὸ
1118 1605 1250 1638 Achaiae.

160 1648 280 1687 reliquis
301 1646 443 1678 offerente
465 1649 613 1688 praeterita
633 1654 722 1684 esset,
737 1657 839 1687 aprum
861 1646 904 1677 fe-

161 1690 346 1720 rocissimum
371 1690 504 1727 immisit,
526 1699 615 1730 quem
637 1687 791 1729 Meleager
813 1689 904 1719 inter-

163 1738 278 1802 ema-6.
295 1771 498 1812 Orchomenos]
525 1771 658 1802 Arcadiae
670 1770 758 1808 urbs;
781 1770 837 1802 alia
856 1777 899 1801 est

162 1820 193 1844 et
203 1812 340 1844 Boeotiae.

171 1889 176 1893 ¹
206 1854 253 1885 Ib.
267 1855 350 1894 AEre]
368 1854 422 1885 [Es
436 1852 626 1888 Corinthium
638 1864 746 1895 magno
759 1855 789 1884 in
805 1854 900 1894 pretio

106 1905 110 1910 ·
162 1896 233 1933 fuit,
245 1904 274 1926 et
288 1898 325 1926 ad
338 1907 404 1926 vasa
412 1898 586 1937 expetitum.
608 1895 705 1936 Capta,
717 1897 734 1925 a
746 1894 783 1926 L.
794 1894 899 1925 Mum-

163 1940 224 1968 mio
234 1946 265 1968 et
289 1938 408 1968 incensa
422 1936 578 1974 Corintho,
598 1937 734 1967 incendio
749 1938 899 1978 permistis

162 1981 295 2021 plurimis
315 1980 418 2010 statuis
438 1988 528 2019 atque
547 1979 719 2015 simulacris,
733 1980 810 2017 aeris,
825 1980 899 2018 auri,

161 2023 332 2063 argentique
345 2032 428 2051 venae
443 2022 473 2051 in
487 2031 646 2051 commuue
660 2021 780 2052 fluxere.

203 2070 277 2099 417.
293 2063 439 2103 Humiles]
458 2061 530 2093 Non
545 2063 563 2094 a
577 2063 648 2100 situ,
664 2063 716 2093 sed
736 2062 898 2094 incolarum

161 2107 318 2147 paucitate.

204 2145 251 2177 ΙΙ».
262 2146 405 2186 Messene]
424 2145 564 2177 Messena
577 2153 623 2176 est
638 2147 668 2176 in
685 2144 900 2187 Peloponneso,

161 2190 245 2259 ‘ciujus
270 2189 374 2258 incolzle
394 2188 480 2218 bellis
504 2188 638 2228 plurimis
658 2188 792 2218 adversus
807 2186 901 2218 Lace-

181 2240 322 2260 oemomos
336 2240 352 2259 c
364 2236 512 2259 aruerunt.

203 2270 248 2302 Ib.
266 2271 379 2311 Patroe]
397 2269 475 2301 Sunt
488 2271 519 2300 in
535 2268 660 2308 Achaia,
680 2270 717 2301 ad
732 2269 898 2313 Septentri-

162 2323 262 2344 onem.
715 2330 718 2331 ν

204 2353 252 2385 lb.
264 2353 394 2393 Cleonae]
413 2352 598 2394 Oppidulum
614 2353 772 2395 Argolidis.

202 2402 277 2432 418.
291 2396 395 2435 Νειέα]
428 2395 455 2426 A
475 2394 572 2425 Neleo
581 2394 716 2426 Nestoris
730 2402 813 2437 patre
835 2405 900 2436 reg-

164 2445 231 2468 nam
244 2440 274 2468 in
283 2437 436 2468 Messenia
447 2438 514 2467 sita.

205 2479 252 2511 Ib.
267 2481 366 2520 Neque
375 2479 482 2519 adhuc]
501 2477 644 2509 Nondum
657 2477 805 2515 Pittheus,
819 2476 901 2508 The-

164 2521 205 2550 sei
219 2531 288 2551 avus
298 2530 459 2558 maternus,
472 2521 512 2551 ibi
529 2521 669 2562 regnavit.
689 2518 817 2551 Troezen
831 2519 900 2550 urbs

163 2571 208 2592 est
219 2561 426 2603 Peloponnesi.

207 2609 279 2635 419.
294 2604 430 2643 Biman']
454 2602 584 2634 Isthmus
608 2603 714 2633 dicit-ur
728 2610 804 2633 terra
824 2603 901 2633 inter

164 2644 223 2683 qluo
235 2645 323 2675 maria
331 2652 484 2683 coarctata,
494 2655 582 2686 atque
593 2645 666 2675 odeo
675 2645 812 2681 bimari-53
827 2654 901 2685 quo-

165 2684 252 2721 modo
266 2684 315 2716 hic
329 2685 535 2721 Corinthiacus
550 2685 656 2728 AEgaeo
667 2693 696 2717 et
716 2684 803 2717 Ionio
817 2686 902 2717 allui-

988 1645 1035 1676 Ib.
1053 1647 1254 1686 clauduntur]
1288 1647 1405 1678 Isthmo
1426 1649 1535 1681 clausas
1550 1651 1683 1694 intellige

946 1688 1032 1718 urbes
1047 1699 1118 1728 quas
1130 1688 1217 1718 habet
1230 1688 1460 1730 Peloponnesus.

984 1735 1041 1759 421
1051 1752 1057 1759 .
1072 1729 1205 1769 Credere]
1238 1730 1312 1761 Quis
1325 1732 1447 1761 crederet
1462 1734 1561 1764 urbem
1574 1734 1680 1764 huma-
1719 1767 1722 1771 ,

940 1769 1043 1800 nitatis
1053 1772 1157 1801 studiis
1170 1772 1241 1801 adet»
1253 1773 1365 1802 claram
1377 1772 1471 1814 officio
1485 1775 1681 1814 defuturam?

940 1811 1000 1842 Sed
1012 1813 1178 1842 excusanda
1191 1818 1264 1849 erat,
1280 1814 1384 1855 quijpe
1397 1815 1540 1846 obsidione
1545 1824 1650 1858 pressa
1660 1817 1688 1848 ιὶ

940 1853 1094 1891 Barbam,
1106 1854 1191 1893 sorte
1199 1854 1398 1893 Amazonum,
1413 1858 1511 1898 copiis.

981 1901 1055 1927 423.
1070 1896 1254 1938 Mopsopios]
1272 1896 1484 1935 Athenienses,
1498 1899 1516 1929 a
1526 1896 1682 1941 Nfbpsopo

939 1946 1008 1977 rege
1023 1938 1065 1967 sic
1076 1937 1182 1973 dictos,
1206 1939 1237 1967 in
1249 1949 1322 1978 quos
1347 1939 1514 1970 Amazones
1539 1940 1590 1970 illo
1604 1948 1683 1980 teur-

939 1988 1023 2018 pore,
1037 1979 1148 2009 auxilio
1161 1981 1317 2021 assumptis
1332 1979 1463 2022 Scythis,
1485 1982 1683 2022 incursatum,

939 2021 1000 2060 qua
1014 2021 1050 2050 de
1066 2031 1097 2051 re
1110 2020 1131 2051 J
1135 2022 1259 2052 ustinus.
1417 2034 1419 2036 ’

983 2063 1174 2102 424.Tereus]
1185 2062 1321 2093 Thraciae
1330 2073 1379 2092 rex
1392 2061 1462 2100 fuit,
1478 2061 1585 2095 Martis
1594 2065 1687 2096 filius.

984 2109 1056 2135 426.
1066 2104 1212 2144 Pandion]
1228 2103 1294 2134 Rex
1305 2103 1502 2135 Athenarum.
1538 2115 1543 2125 ·

983 2151 1057 2181 427.
1075 2146 1220 2185 Gradivo]
1236 2144 1319 2175 Mars
1333 2154 1377 2176 est
1385 2147 1402 2176 ὲ
1410 2147 1580 2185 gradiendo,
1591 2148 1636 2179 vel
1643 2148 1682 2179 ab

941 2185 1035 2217 hastae
1061 2188 1220 2218 vibratione
1244 2185 1348 2218 Graece
1379 2189 1420 2218 sic
1443 2188 1553 2226 dictus,
1583 2190 1639 2222 viz.
1662 2189 1680 2220 i

938 2228 1053 2269 κραδάω
1067 2229 1112 2259 vel
1128 2229 1276 2271 κςαὸαίνω.

982 2277 1056 2300 428.
1070 2270 1209 2310 Prognes]
1224 2269 1303 2304 Quae
1318 2269 1475 2301 Pandionis
1488 2270 1547 2301 fuit
1560 2271 1629 2302 filia.

982 2310 1028 2341 Ib.
1039 2312 1136 2352 Juno]
1149 2311 1228 2346 Quae
1238 2311 1319 2352 Juga
1331 2320 1362 2342 et
1373 2313 1506 2353 pronuba
1515 2312 1604 2350 dicta,
1615 2314 1681 2344 sine

939 2354 1024 2393 eujus
1040 2355 1162 2383 numine
1173 2353 1286 2384 nullum
1302 2361 1401 2394 posset
1421 2353 1547 2384 feliciter
1572 2355 1681 2384 coales-
1707 2366 1709 2369 ¹

941 2405 1007 2425 cere
1020 2395 1205 2436 conjugium.

984 2443 1056 2469 429.
1072 2436 1267 2478 Hymenaeus]
1283 2434 1453 2477 Quemjam
1467 2447 1545 2477 saepe
1555 2437 1591 2466 ad
1603 2444 1680 2477 nup-

942 2479 996 2508 tias
1011 2479 1179 2509 invocatum
1194 2479 1282 2508 deum
1296 2477 1434 2509 diximus.

985 2519 1032 2550 lb.
1049 2520 1171 2559 &atitnj
1188 2519 1262 2550 Tres
1272 2519 1403 2556 fuerunt,
1418 2526 1569 2560 perpetuae
1579 2515 1681 2547 Vene-

942 2563 979 2591 ris
995 2562 1128 2598 comites,
1141 2562 1256 2602 AglaIa,
1269 2560 1599 2601 'I'imliaAEuphrosyne
1654 2575 1658 2581 ι

983 2608 1056 2633 430.
1073 2603 1259 2642 Eumenides]
1283 2601 1358 2632 Haec
1374 2604 1472 2632 omnia
1483 2600 1676 2671 inaui-pieatn

944 2645 1060 2686 nuptias
1071 2645 1246 2685 praedicunt.
1275 2642 1352 2673 Vide
1372 2642 1476 2672 similia
1499 2641 1535 2672 de
1582 2641 1677 2677 idquit

943 2694 974 2719 et
989 2684 1092 2721 AEne·
1103 2685 1253 2727 conjugio,
1273 2683 1357 2725 Virg.
1373 2683 1440 2715 Lib·
1456 2680 1526 2714 AEn.
1540 2689 1570 2714 4.

1306 2754 1334 2779 N
1348 2790 1351 2793 .
