1824 2991
148 169 205 212 28

633 172 675 213 P.
707 171 889 212 OVIDII
921 169 1166 212 NASONIS

148 266 179 289 et
200 258 277 288 “⁰¹¹⁶
298 259 425 298 oppositi
455 259 543 299 ³2³¹&
562 259 769 313 Obviaque
789 260 967 299 adversas
985 259 1191 299 vibrabant
1211 258 1371 299 flamina
1390 266 1525 310 vestes,

147 301 218 331 bant
226 301 348 330 amictus
357 300 542 330 reluctantes:

147 349 177 371 ct
199 341 272 371 lenia
299 341 414 371 flamina
434 342 543 381 rejicie-

561 313 616 356 Et
637 316 732 355 levis
754 315 933 367 impexos
951 324 1053 354 retro
1069 315 1186 355 dabat
1205 328 1299 355 aura
1319 315 1480 369 capillos
1496 331 1508 365 ς

148 383 220 413 baut
235 384 265 412 in
281 382 419 413 humeros
430 393 542 413 comam
561 372 771 424 Auctaque
792 372 917 410 forma
937 372 1030 424 fuga
1049 378 1119 410 est.
1163 370 1243 411 Sed
1263 370 1372 411 enim
1390 385 1470 412 non
1485 370 1651 412 sustinet

147 424 321 454 incomoem:
335 432 363 453 et
375 424 466 454 forma
479 435 543 463 spe-

146 465 250 496 ciosior
260 465 315 496 suit
329 465 408 506 fuga.
434 465 542 495 Verum

117 537 121 546 ,
140 503 265 547 juvenis'
274 505 358 537 Deus
374 517 432 536 non
448 515 542 546 potest

732 427 834 466 ultra

1567 431 1653 469 530

562 481 730 522 Perdere
751 481 960 521 blanditias
971 479 1128 534 juvenis
1142 482 1255 523 Deus
1271 472 1423 538 :sutque
1441 485 1624 524 movebat

144 548 272 589 amplius
293 547 466 589 profundere
489 558 543 577 saa
562 537 650 589 Ipse
670 551 794 586 amor,
814 537 986 577 admisso
1004 537 1181 591 sequitur
1200 538 1364 591 vestigia
1382 553 1511 592 passu.

145 588 364 620 blandimenta:
381 596 409 618 οἳ
427 599 478 637 {²¹1⁰
491 590 544 618 ¹¹¹³·
563 592 619 632 Ut
640 593 747 632 canis
768 593 809 632 in
831 607 956 632 vacuo
976 594 1150 647 leporem
1173 595 1264 634 cum
1287 594 1469 634 Gallicus
1488 609 1581 636 arvo

146 631 235 673 pulsu
257 632 347 672 ipsius
371 640 475 660 amoris
501 641 545 659 se-

145 674 245 712 quitur
282 673 401 712 vestigia
441 672 547 702 festino
562 647 706 697 Vidit3
727 656 767 688 et
787 647 853 687 hic
873 648 1047 701 praedam
1063 649 1228 702 pedibus
1248 650 1361 704 petit,
1377 650 1445 690 ille
1464 652 1652 691 salutem:

144 724 253 755 gressu.
291 712 545 747 Quemadmodum
563 704 675 743 Alter
695 703 894 744 inhaesuro
913 704 1065 753 similis,
1079 703 1161 758 jani
1179 704 1344 759 jamque
1359 714 1493 746 tenere

565 758 718 812 Sperat,
739 766 778 799 et
798 767 960 800 extento
979 760 1136 813 stringit
1156 761 1319 813 vestigia
1339 758 1489 802 rostroi

147 755 226 785 canis
241 755 384 789 Gallicus,
399 755 466 784 cum
477 754 547 783 vidit

145 795 275 837 leporem
286 797 315 825 in
325 804 545 836 campoaperto;

1570 710 1652 748 535

145 836 234 868 ethic
245 838 549 877 moefinwmamw,
564 815 679 854 Alter
699 815 740 854 in
760 814 951 867 ambiguo
969 823 1039 865 est,
1060 829 1110 862 an
1130 815 1180 855 sit
1199 816 1426 870 deprensus,
1446 825 1486 857 et
1505 815 1598 871 ipsis

146 878 243 915 dibus,
279 879 328 908 ille
365 878 548 908 incolumita-
564 869 766 910 Morsibus
781 869 946 923 eripitur
956 886 968 919 3
994 871 1275 924 tangentiaque
1290 885 1358 911 ora
1370 872 1572 926 relinquit.

148 927 223 950 tem:
237 919 420 950 altersimilis
431 930 546 960 correp·
565 924 633 964 Sic
653 925 765 965 Deus

149 968 231 998 turo,
246 961 308 999 jam
318 962 439 1000 jamque
458 960 549 990 credit
767 955 779 974 ³

800 932 839 964 ct
858 924 969 977 virgo
988 933 1069 974 est3
1102 925 1168 964 hic
1188 939 1256 978 spe
1276 927 1393 976 celer,
1414 926 1482 967 illa
1499 928 1655 968 timore.

149 1001 378 1042 apprehendere,
404 1011 432 1030 et
458 1002 548 1032 instat
564 979 648 1023 Qui
661 987 798 1020 tamen
814 979 1047 1034 insequitur,
1063 980 1205 1035 pennis
1224 979 1381 1034 adjutus
1399 983 1544 1023 amoris
1575 987 1658 1023 540

149 1044 278 1084 vestigiis
291 1050 425 1083 porrecto
437 1049 544 1073 rostro:
564 1035 700 1090 Ocyor
716 1041 786 1086 est,
803 1036 1061 1090 requiemque
1079 1044 1218 1088 negat,
1231 1045 1423 1090 tergoque
1441 1038 1574 1092 fugaci

148 1085 220 1116 alter
235 1085 361 1121 dubitat,
381 1095 418 1114 an
432 1086 470 1114 sit
484 1095 546 1115 cor-

147 1134 266 1167 reptus;
292 1134 320 1156 et
335 1125 467 1156 avellitur
477 1127 547 1166 ipsis

523 1127 530 1133 .
566 1092 770 1141 Imminet,
790 1100 830 1131 et
849 1091 1000 1131 crinem
1016 1106 1193 1145 sparsum
1216 1092 1436 1134 cervicibus
1451 1094 1574 1135 afflat.

149 1164 315 1203 morsibus;
349 1175 378 1197 et
414 1167 548 1197 destituit
565 1147 724 1188 Viribus
743 1147 934 1188 absumtis
953 1146 1145 1201 expalluit
1166 1147 1247 1196 illa,
1265 1147 1434 1201 citaeque

151 1210 243 1240 rictus
259 1209 465 1249 pertingentes·
498 1207 548 1237 Sic
564 1203 681 1243 Victa
701 1205 835 1244 labore
854 1204 973 1256 fugae,
993 1212 1174 1256 spectans
1195 1202 1386 1242 Peneidas
1407 1203 1545 1254 undas,

148 1249 235 1281 Deus
251 1258 280 1279 et
297 1249 393 1290 puella
415 1258 457 1279 est
471 1260 477 1278 z
498 1248 548 1280 hic

149 1303 201 1332 spe
216 1291 309 1328 velox,
323 1291 370 1321 illa
382 1299 471 1321 metu.
487 1289 549 1324 Qut

149 1341 250 1363 tamen
273 1333 466 1373 persequitur,
487 1342 550 1361 sus·
734 1315 845 1354 betis.

539 1291 547 1297 .
566 1258 654 1309 Fer,
673 1267 797 1312 pater,
827 1258 970 1312 inquit,
999 1272 1144 1312 opem3
1173 1258 1206 1297 si
1226 1257 1394 1299 flumina
1413 1273 1565 1300 numen
1584 1259 1658 1300 ha-

1578 1319 1663 1355 545

149 1381 280 1405 tentatus
301 1375 405 1415 pennis
432 1374 549 1410 amoris,
571 1368 679 1423 [Qua
699 1369 871 1409 nimium
893 1369 1040 1423 placui,
1062 1370 1192 1419 tellus,
1218 1377 1286 1410 aut
1306 1369 1429 1421 hisce,
1449 1370 1511 1410 vel
1531 1369 1661 1420 istam,

149 1416 272 1446 celerior
300 1425 356 1452 est,
384 1426 478 1455 neque
503 1415 552 1445 dat

147 1459 275 1499 spatium
302 1457 485 1498 respirandi:
522 1464 552 1486 et

569 1425 673 1469 Quae
693 1426 790 1465 facit
805 1435 849 1465 ut
868 1426 1001 1475 laedar,
1022 1425 1215 1466 mutando
1234 1426 1355 1480 perde
1374 1425 1572 1480 figuram]

152 1500 240 1529 instat
267 1507 350 1539 tergo
375 1498 491 1539 fugaci:
522 1506 553 1527 et
568 1481 647 1521 Vix
666 1495 784 1534 prece
805 1481 931 1531 finita,
946 1489 1080 1534 torpor
1098 1481 1225 1534 gravis
1240 1481 1377 1534 alligat
1397 1488 1527 1522 artus:

148 1540 269 1571 ventilat
302 1541 403 1581 spiritu
434 1539 552 1580 capillos
569 1536 715 1577 Mollia
735 1536 952 1590 cinguntur
970 1537 1082 1577 tenui
1100 1537 1317 1590 praecordia
1332 1537 1446 1577 libro.
1506 1542 1521 1551 ¹

154 1581 275 1612 diffusos
291 1592 343 1622 per
357 1580 477 1611 collum.
499 1579 552 1610 Illa

155 1623 296 1672 expalluit
311 1623 418 1652 viribus
430 1620 553 1652 exhaus-

570 1593 619 1632 In
638 1592 819 1632 frondem
835 1592 977 1643 crines,
994 1592 1032 1632 in
1048 1603 1176 1632 ramos
1190 1592 1352 1633 brachia
1362 1599 1566 1634 crescunt:
1580 1595 1664 1634 550

157 1673 208 1700 ns,
237 1672 267 1694 et
296 1671 429 1705 supe1ata
453 1663 552 1693 labore
569 1648 643 1689 Pes
663 1648 784 1688 modo
799 1656 882 1688 tam
902 1650 1015 1688 velox
1032 1647 1154 1701 pigris
1170 1648 1368 1688 radicibus
1386 1648 1532 1688 haeret:

157 1706 258 1737 celeris
273 1705 351 1746 fugae
366 1705 508 1753 aspjiciens
522 1715 553 1734 ὃ·
571 1704 654 1744 Ora
670 1717 864 1744 cacumen
885 1703 968 1744 obit
985 1720 994 1743 ε
1016 1712 1195 1743 remanet
1211 1703 1316 1744 nitor
1335 1718 1437 1744 unus
1453 1703 1494 1743 in
1511 1703 1594 1744 illa.

155 1757 227 1789 quas
237 1746 390 1783 Peneidas,
400 1747 482 1783 dixit,
493 1746 553 1776 Ge-

157 1796 236 1819 nitor
261 1798 418 1824 succurre3
454 1798 478 1817 st
506 1798 555 1817 vos

158 1831 237 1862 fluvii
271 1829 386 1860 habetis
424 1831 555 1868 aliquam

156 1879 343 1914 potestatem.
385 1869 443 1900 Vel
464 1870 555 1906 hisce,

740 1815 880 1856 dextra

573 1759 695 1800 Hanc
715 1773 873 1814 quoque
890 1759 1066 1800 Phoebus
1082 1768 1207 1800 amat:
1228 1759 1434 1814 positaque
1442 1775 1454 1810 3
1469 1759 1509 1800 in
1529 1759 1678 1813 stipite·

158 1916 178 1944 ὁ
194 1920 281 1949 terra,
304 1914 333 1942 in
355 1922 412 1952 qua
435 1922 521 1941 rumis
535 1919 615 1951 grata
630 1911 684 1950 sui,
707 1913 750 1942 vel
766 1905 829 1942 dele
851 1910 984 1948 sormam,
1003 1922 1070 1952 quae
1084 1922 1169 1942 causa
1186 1918 1230 1941 est
1244 1918 1276 1940 ut
1292 1909 1432 1948 offendar,
1453 1921 1518 1941 eam
1531 1911 1668 1942 transfor-

159 1955 276 1986 mando.
312 1953 369 1984 Vix
379 1953 512 1983 absoluta
523 1954 666 1989 oratione,
677 1955 767 1994 gravis
780 1963 879 1993 stupor
889 1957 1003 1983 co‘e'rcet
1017 1954 1147 1983 membra
1159 1965 1164 1982 :
1178 1960 1276 1982 tenera
1287 1954 1394 1982 viscera
1403 1960 1585 1983 coarctantur
1598 1953 1668 1983 sub-

155 1996 202 2026 tili
217 1997 334 2026 cortice.

390 1994 495 2035 Capilli
508 2002 653 2035 augentur
664 1996 692 2024 in
707 1995 832 2030 frondes,
856 1995 952 2024 lacerti
967 1995 998 2024 in
1013 2004 1106 2024 ramos
1120 2006 1126 2023 z
1150 1993 1217 2030 Pes,
1231 1992 1318 2023 modo
1333 2000 1390 2022 tam
1407 1993 1494 2029 celer,
1508 1993 1609 2023 affixus
1625 2001 1669 2024 est

158 2037 298 2078 segnibus
312 2036 474 2066 radicibus:
499 2035 645 2076 fastigium
661 2035 751 2066 habet
770 2036 885 2066 vultus:
910 2036 988 2066 solus
1010 2036 1145 2077 splendor
1165 2041 1296 2075 superest
1314 2034 1346 2064 in
1367 2034 1424 2065 illa.
1465 2034 1575 2076 Apollo
1589 2041 1668 2066 amat

160 2080 248 2109 etiam
261 2077 353 2109 hanc:
370 2087 400 2108 et
414 2087 502 2108 manu
517 2077 631 2109 admota
646 2085 763 2115 trunco,

380 2186 400 2204 ,
842 2159 983 2192 No'rAE.

205 2223 274 2250 530.
291 2218 559 2259 Auctaquesorma]
570 2218 740 2248 Amantium
752 2228 841 2254 more,
864 2219 895 2250 ui

163 2261 261 2291 omnia
273 2268 375 2301 putant
387 2261 500 2296 decere,
517 2269 550 2290 ut
562 2261 601 2289 ait
613 2259 731 2290 Luci-et.
747 2254 795 2290 lib.
816 2229 870 2289 Ιθ.

206 2301 269 2332 Hoc
280 2301 403 2348 seiciunt
429 2302 554 2331 homines
570 2302 742 2342 plerumque
763 2301 895 2342 cupidine

246 2354 279 2372 ca
302 2348 322 2372 tt

205 2383 247 2414 Ec
261 2352 390 2433 lgfniunt
404 2393 447 2422 ea,
465 2394 532 2422 quae
546 2393 602 2413 non
613 2388 679 2414 sunt
691 2384 736 2414 his
749 2382 896 2414 commoda

246 2435 318 2455 vere.

208 2471 277 2498 533.
297 2466 407 2505 Vacuo]
427 2465 557 2502 Ραιεητε,
573 2466 624 2496 ubi
638 2476 691 2496 nec
703 2466 830 2503 arbores,
842 2476 897 2496 nec
917 2490 920 2493 .

165 2515 289 2549 segetes,
312 2508 341 2537 in
358 2507 466 2547 quibus
485 2517 547 2536 sese
568 2507 650 2548 lepus
671 2507 816 2538 occultare
831 2517 898 2547 pos-

165 2557 229 2580 set:
256 2558 318 2579 non
340 2549 419 2578 enim
445 2549 578 2589 vertagi,
593 2556 644 2579 aut
669 2558 755 2579 canes
778 2548 899 2586 Gallici,

165 2590 255 2622 odore
268 2590 343 2621 feras
357 2590 540 2629 investigant.

209 2638 280 2662 ⁵41.
305 2630 407 2671 Tergo]
432 2628 581 2671 Fugientis
595 2628 750 2670 Daphnes.

211 2679 279 2703 544.
315 2671 468 2711 Peneidas]
504 2669 596 2701 Patris
623 2669 712 2702 Penei
739 2669 898 2700 Thessaliae

166 2712 244 2745 fluvii
258 2725 264 2742 :
281 2725 349 2744 nam
363 2714 437 2744 alius
451 2712 508 2743 fuit
515 2710 610 2743 Elidis
624 2712 658 2748 in
668 2710 880 2752 Peloponneso,

211 2762 280 2786 545.
306 2754 437 2795 Numen]
461 2754 634 2785 potestatem
657 2758 685 2783 et
709 2752 900 2792 benefaciendi

161 2801 329 2838 petenham.

983 2220 1051 2247 546.
1070 2215 1139 2246 Qud
1153 2214 1293 2255 nimiam]
1318 2214 1362 2246 Hi
1371 2215 1431 2245 duo
1441 2225 1538 2246 versus
1546 2215 1671 2246 tollendi

937 2267 1019 2295 suut,
1033 2258 1144 2298 quippe
1156 2258 1275 2297 quinon
1286 2264 1357 2288 sunt
1365 2255 1509 2286 Ovidian't.
1533 2257 1670 2287 Heinsius

938 2299 1009 2339 legit
1023 2300 1136 2329 inverso
1151 2299 1262 2329 ordine.
1535 2309 1543 2314 ·
1567 2302 1572 2307 ⁴

980 2340 1055 2371 6221ae
1059 2341 1152 2379 facit,
1172 2345 1206 2370 ut
1220 2340 1324 2375 loedar,

1061 2382 1163 2417 iscam,
1637 2414 1642 2418 1

978 2420 1047 2453 Qud
1056 2422 1179 2453 nimium
1184 2421 1434 2463 placuimutandc)
1438 2420 1524 2460 perde
1527 2419 1670 2460 figuram.

985 2470 1054 2496 549.
1079 2464 1180 2503 Libro]
1212 2462 1339 2493 Cortice.-
1357 2471 1424 2491 nam
1435 2471 1468 2490 ea
1479 2468 1523 2491 est
1537 2461 1671 2501 primaria

939 2505 1016 2534 vocis
1031 2505 1223 2545 significati03
1246 2502 1375 2543 quamvis
1389 2509 1577 2542 posteaquam
1592 2503 1622 2531 in
1637 2501 1672 2531 li-

1346 2339 1441 2375 lellus,
1460 2343 1512 2368 aut
1526 2317 1611 2375 hisce,
1625 2339 1670 2369 vel

939 2546 999 2576 bris
1010 2556 1061 2576 seu
1076 2546 1211 2576 arborum
1226 2543 1402 2574 tenuissimis
1412 2543 1569 2573 corticibus
1582 2541 1670 2572 scribi
1697 2552 1706 2564 ’

939 2593 1077 2628 coeptum.
1106 2585 1287 2627 frequentius
1311 2594 1363 2624 pro
1384 2585 1453 2625 ipsis
1475 2579 1672 2630 voluminilfft'ns

940 2634 1179 2706 υεῗξὲῗῃὲπωι]
1209 2666 1310 2706 Atque
1323 2667 1413 2696 etiam
1427 2665 1563 2707 Apollini
1573 2649 1670 2698 ‹itoeta

939 2716 983 2740 est
995 2709 1160 2740 laurus-:ut
1174 2707 1261 2748 paulo
1273 2706 1358 2744 infra,
1537 2730 1562 2738 ,,
1617 2723 1634 2728 —
1658 2717 1667 2720 ⁷

981 2749 1075 2782 Arbor
1089 2750 1144 2781 eris
1155 2749 1234 2786 certe,
1247 2749 1331 2787 dizit,
1347 2757 1508 2780 mea.——
1553 2785 1555 2787 ¹
