1824 2991
81 144 88 149 -
107 124 132 159 6
598 114 651 162 P:
673 118 857 163 OVIDII
886 118 1132 162 NASONIS

104 206 211 247 partim
221 205 251 236 in
260 216 336 236 mare
346 206 486 237 devolvun

108 257 167 283 tur,
177 255 207 278 et
215 249 324 288 recepti
336 258 453 288 aequorc
465 249 501 278 li-

107 289 225 326 beriori,
240 301 292 330 pro
304 290 374 330 ripis
388 291 500 320 obstre-

476 224 500 256 ,·
517 207 536 249 I
541 222 566 248 n
589 222 697 249 mare
716 208 953 263 perveniunt
969 209 1131 264 partim,
1152 221 1375 264 campoque
1391 216 1549 266 recepta

521 264 740 306 Liberioris
760 279 888 319 aquae,
908 279 979 319 pro
994 265 1088 320 ripis
1108 265 1241 305 littora
1254 267 1429 320 pulsant.

107 340 181 372 punt
194 331 349 362 littoribus.
372 330 501 373 Impera—
517 320 643 361 Jusslt
663 328 703 361 et
716 321 879 362 extendi
892 335 1068 375 campos,
1087 320 1289 364 SUbSldere
1308 322 1445 373 valles,
1497 309 1500 312 ἦ

68 381 71 386 ·
106 374 146 403 vit
161 373 249 403 etiam
268 373 419 414 planitiem
435 384 501 414 por-

108 415 176 455 rigi,
198 415 286 446 valles
309 416 367 446 ima
389 424 499 457 petere,

518 376 675 417 Fronde
691 376 773 431 tegi
791 377 922 427 silvas,
943 377 1139 432 lapidosos
1158 391 1318 432 surgere
1339 385 1513 418 montes.

107 466 228 486 nemora
271 458 366 488 vestiri
412 457 500 494 foliis,
519 432 656 487 thue
671 433 763 474 duae
783 433 921 480 dextra
940 434 1110 484 coelurn,
1129 433 1377 490 totidemque
1396 433 1555 476 sinistra
1571 437 1626 475 45
1652 433 1654 435 ’

105 505 220 528 montes
234 509 348 529 saxosos
363 502 502 530 eminere.
519 489 633 530 Parte
651 497 788 530 secant
802 488 945 540 Zonae,
962 489 1101 545 quinta
1120 497 1179 530 est
1196 490 1397 532 ardentior
1415 489 1516 542 inin

103 538 145 571 Et
157 540 312 571 ⁵³⁰¹¹f¹d²¹⁰
327 542 444 583 cingula
458 542 502 571 ‘¹¹‘
519 545 588 586 Sic
603 559 704 586 onus
723 545 926 587 inclusum
948 560 1116 586 numero
1131 545 1314 588 distinxit
1330 546 1473 588 eodem

104 581 207 612 vidunt
231 582 338 613 coelum
365 583 382 613 a
403 583 502 614 dextra

106 630 199 663 μηδ’
211 631 241 654 et
253 625 376 655 totidem
390 626 502 655 mnis,
519 601 624 642 Cura
643 602 707 642 dei
723 618 732 644 :
763 602 1011 657 totidemque
1030 604 1158 657 plagae
1178 604 1321 644 tellure
1341 608 1590 658 premuntur.

104 665 159 702 trs,
167 667 305 706 quintum
314 674 357 696 est
366 666 502 698 fervidius
518 658 700 702 Quarum
718 673 809 713 quae
825 659 957 699 media
977 667 1048 709 est,
1067 673 1149 699 non
1169 667 1226 699 est
1242 659 1470 700 habitabilis
1485 666 1609 701 aestu:

104 706 182 743 illis;
206 708 245 737 ita
259 708 306 738 dei
322 710 502 749 providentia

103 748 200 779 divisit
230 750 337 781 molem
362 751 501 781 inclusam

519 715 602 756 Nix
618 715 718 769 tegit
730 717 810 755 alta
830 715 945 755 duas:
977 715 1142 756 totidem
1155 715 1259 756 inter
1270 724 1448 770 utramq3
1469 715 1631 765 locavit,

107 791 168 830 pari
182 801 317 828 numero;
335 801 365 822 et
378 793 501 823 totidem
517 771 620 812 Tem
626 771 856 826 periemque
866 771 975 812 dedit
988 770 1105 812 mista
1119 785 1214 812 cum
1226 771 1373 826 frigore
1385 771 1561 812 flamma.
1574 775 1625 812 51

107 839 191 862 terrae
217 841 325 864 tractus
351 843 502 874 urgentur.
520 827 713 868 Imminet
724 827 785 867 his
805 833 884 878 aer,
904 828 989 881 qui,
1009 827 1229 882 quanto‘est
1244 827 1420 882 pondere
1441 835 1555 869 terrae

106 871 244 908 Quorum
258 877 309 915 qui
325 876 437 906 medius
448 884 504 913 est,

106 925 166 946 non
190 924 287 956 potest
305 918 362 947 coli
387 926 505 958 propter

521 883 682 923 Pondus
702 897 818 936 aquae
838 883 978 933 levius,
994 883 1106 923 tanto
1126 891 1184 923 est
1203 882 1405 938 onerosior
1417 883 1518 936 igni.

107 957 239 987 ardores:
255 959 335 989 „weg
347 960 504 990 cumumae
522 938 611 979 Illic
632 946 672 978 et
688 939 865 989 nebulas,
887 938 971 980 illic
988 937 1202 980 consistere
1222 939 1347 979 nubes

106 1005 213 1039 tegunt
228 1000 320 1030 duos:
344 997 442 1041 posuit
458 1011 505 1031 to-
520 994 547 1036 J
553 994 660 1045 ussit,
675 1002 716 1034 et
730 994 927 1035 humanas
948 1003 1107 1035 motura
1125 994 1299 1035 tonitrua
1320 1002 1489 1045 mentes,

523 1051 578 1091 Et
595 1064 690 1091 cum
707 1050 942 1091 fulminibus
963 1050 1155 1092 facientes
1172 1051 1316 1104 frigora
1335 1059 1485 1092 ventos

105 1040 281 1071 tideminter
289 1048 460 1083 utrumque:
476 1050 505 1072 et

107 1084 281 1123 temperavit
309 1083 404 1114 calore
436 1095 505 1114 cum

1575 998 1629 1036 55

110 1123 219 1165 frigore
241 1125 411 1164 conjuncto.
446 1125 506 1156 Αὲ,
525 1107 603 1148 His
619 1120 728 1162 quoq
735 1122 747 1158 3
769 1120 850 1148 non
863 1106 1010 1162 passim
1022 1107 1164 1148 mundi
1178 1106 1390 1148 fabricator
1398 1106 1630 1148 habendum

110 1167 247 1197 imminet
267 1165 341 1204 istis,
362 1168 413 1208 qui
429 1169 510 1198 tanto

109 1215 155 1237 est
169 1209 283 1248 gravior
300 1210 380 1250 igne,
395 1210 505 1250 quanto
517 1210 639 1250 gravitas
653 1220 736 1250 aquae
747 1216 791 1240 est
800 1210 898 1240 minor
911 1211 1052 1250 gravitate
1069 1217 1162 1240 terrae.
1205 1207 1308 1239 Voluit
1320 1209 1408 1239 etiam
1425 1208 1518 1239 nubes
1530 1217 1562 1240 et
1577 1219 1630 1239 ne-

109 1247 194 1279 bulas
209 1250 267 1280 illic
279 1250 375 1282 locum
388 1250 506 1288 habere,
520 1259 552 1281 et
566 1253 697 1282 tonitrua
707 1261 883 1282 concussura
897 1259 1012 1282 mentes
1027 1250 1193 1287 hominurn,
1208 1250 1390 1291 fulminaque
1404 1258 1433 1280 et
1445 1258 1548 1280 ventos
1563 1261 1632 1292 pro-

110 1298 242 1323 creantes
253 1291 356 1335 frigus.
399 1292 500 1335 Atque
515 1293 593 1324 orbis
604 1293 736 1324 conditor
749 1304 808 1323 non
821 1293 877 1323 illis
889 1292 968 1324 dedit
982 1298 1077 1324 aerem
1092 1295 1198 1334 passim
1213 1302 1266 1334 pro
1277 1292 1365 1322 libitu
1376 1292 1596 1333 possidendum.

808 1431 949 1464 NOTAE.

156 1512 208 1537 41.
233 1505 358 1548 Campo]
383 1504 498 1545 AEquor
512 1506 584 1536 dicit
598 1514 648 1536 aut
659 1516 749 1537 mare.

159 1554 210 1578 4¹2.
233 1548 401 1588 Lil‘erioris]
427 1547 510 1582 Quia
525 1557 583 1578 non
598 1549 730 1588 angustis
743 1548 812 1589 ripis
823 1548 854 1578 in

117 1591 187 1622 mari
202 1600 278 1630 aqua
295 1597 467 1627 coarctatur,
489 1597 578 1631 prout
591 1598 677 1619 antea
691 1591 758 1620 cum
772 1590 855 1620 alveo
870 1631 874 1635 1

116 1643 172 1664 suo
187 1631 378 1662 retinebatur.

161 1673 206 1704 1b.
229 1670 356 1714 Liltora]
383 1670 549 1712 Distinguit
569 1677 656 1713 po'eta
675 1673 751 1703 inter
772 1672 855 1704 littus

117 1724 149 1748 et
163 1716 267 1756 ripam,
289 1724 324 1745 ut
339 1714 401 1745 haec
416 1715 453 1744 sit
468 1714 636 1750 fluminum,
657 1713 729 1744 illud
749 1716 854 1745 maris:

115 1768 283 1800 quanquam
298 1767 357 1787 non
373 1766 489 1797 semper
503 1756 673 1786 observatur
694 1755 758 1787 haec
774 1756 857 1787 diffe-

115 1800 221 1831 tentia.

159 1848 212 1872 45.
237 1838 530 1880 thueduaedextr12]
558 1838 671 1869 Dextra
681 1840 857 1880 parsmundi

117 1881 167 1913 liic
183 1882 353 1923 accipienda
368 1890 412 1911 est
427 1882 462 1911 de
478 1880 706 1922 Septemrione;
728 1882 859 1912 Sinistra

118 1925 154 1955 de
166 1923 303 1954 Meridie.
346 1922 421 1953 Vide
435 1922 564 1953 Turneb.
585 1922 636 1952 lib.
655 1921 773 1953 XVIII.
796 1934 858 1964 cap.

117 1973 170 1998 85.
214 1965 362 1997 Dividunt
384 1963 492 1995 c‘oelum
518 1965 675 1994 astronomi
696 1965 858 1996 secundum

118 2009 305 2040 latitudinem
327 2008 356 2036 in
373 2008 504 2047 quinque
521 2017 618 2042 zonaS,
640 2006 767 2037 mediam
782 2008 859 2038 inter

118 2058 163 2082 tro
185 2052 245 2082 icos
274 2050 425 2079 Torridam
449 2056 569 2084 vocant;
608 2047 678 2077 duas
703 2056 857 2086 extrema8‚

120 2103 160 2135 po
172 2095 197 2124 is
224 2092 382 2131 subjectas,
409 2089 484 2120 hanc
511 2091 547 2120 ad
573 2089 674 2131 polum
706 2090 858 2121 Arcticum

122 2137 280 2170 Dextram,
306 2132 385 2162 illam
406 2132 441 2161 ad
465 2132 667 2162 Antarcticum
689 2131 858 2163 Sinistrum.

121 2177 203 2208 Inter
226 2175 277 2205 lias
299 2183 328 2204 et
350 2174 500 2204 Torridam
521 2173 731 2213 alterutrinque
747 2174 862 2216 Tempe-

121 2224 218 2251 ratam
233 2225 377 2252 statuunt,
397 2217 444 2245 cui
460 2216 592 2245 divisioni
607 2222 637 2244 et
651 2222 754 2245 terram
766 2217 862 2255 subja-

122 2268 238 2291 centem
269 2258 442 2299 respondere
471 2258 583 2286 volunt.
627 2255 772 2294 Mediam,
801 2259 861 2288 sive

126 2303 279 2334 Torridam
294 2308 411 2340 propter
425 2299 492 2328 solis
509 2298 622 2328 ardores
638 2300 749 2339 antiqui
765 2300 863 2329 crede-

124 2345 197 2376 bant
203 2341 474 2378 inhabitabilem,ut
483 2349 509 2370 et
517 2340 587 2370 duas
594 2348 737 2370 extremas
745 2350 864 2382 propter

125 2386 228 2428 frigus.
273 2383 393 2413 Habent
407 2391 504 2412 autem
521 2382 638 2411 nomina
661 2383 772 2419 circuli,
788 2383 832 2413 vel
847 2383 864 2414 a

127 2429 246 2469 regione
257 2426 337 2461 coeli,
348 2435 380 2454 ux
390 2425 524 2454 Arccicus
533 2431 563 2453 et
574 2424 759 2454 Antarcticus
766 2437 779 2461 ,-
794 2425 836 2454 vel
848 2426 864 2455 a

127 2472 234 2506 causis,
252 2477 285 2498 ut
299 2467 354 2497 Tro
375 2467 435 2497 icus
451 2466 612 2501 AEslz'valis,
632 2466 770 2505 Tropicus
784 2467 865 2507 Hye-

98 2509 101 2512 ⁴
128 2513 226 2547 malis,
237 2511 296 2541 sive
306 2476 475 2549 HyliernuS,
486 2516 516 2537 et
528 2507 753 2546 AEquinoctialis
765 2519 771 2536 :
797 2518 864 2537 nam

127 2553 182 2583 sub
204 2552 260 2582 hoc
282 2552 423 2580 existente
442 2549 502 2578 sole
518 2547 691 2588 aequino'ctia
707 2549 792 2584 fiunt,
810 2550 864 2580 sub

129 2596 198 2630 iliis,
209 2593 352 2629 Ξοὶεὶὶῑία,
367 2602 438 2631 quus
453 2590 550 2620 Graeci
567 2590 675 2631 τρόποις
688 2598 802 2620 vocant.

939 1506 1037 1538 Quam
1047 1506 1156 1578 ιῖτιιιη
1170 1512 1307 1538 emremoe
1316 1506 1418 1539 dextr&
1433 1506 1564 1549 laeuoque
1575 1512 1636 1540 t'm-

1083 1553 1175 1578 untur
1383 1559 1387 1563 ·

943 1589 1079 1621 Coeruleci
1099 1591 1195 1637 glacie
1217 1595 1366 1628 concretoe,
1388 1595 1474 1632 atque
1497 1592 1636 1622 imbribus

1064 1636 1146 1661 oms.
1556 1645 1558 1647 >

941 1673 1004 1703 Has
1018 1674 1091 1703 inter
1098 1673 1288 1713 mediamque,
1299 1674 1366 1704 duae
1372 1675 1542 1706 mortalibus
1549 1676 1636 1716 oegris

940 1716 1064 1746 Munere
1077 1725 1211 1745 concessae
1227 1715 1350 1747 Divum.

941 1804 991 1833 47.
1017 1798 1112 1837 Onus]
1129 1797 1250 1828 Terram
1264 1797 1346 1835 dicit,
1367 1799 1450 1839 cujus
1465 1807 1562 1841 partes
1577 1810 1637 1831 non
1680 1791 1689 1802 ’

899 1840 1034 1880 imperite
1045 1840 1183 1870 dixerunt
1197 1841 1355 1870 astronomi
1365 1841 1493 1881 partibus
1509 1842 1574 1872 coeli
1585 1852 1640 1883 op·

899 1882 1013 1922 positis,
1035 1889 1064 1910 et
1079 1882 1142 1920 ejus
1156 1881 1310 1911 virtutibus
1333 1882 1523 1922 respondere:
1546 1893 1640 1923 quan·

899 1933 987 1964 quam
1007 1923 1042 1953 ea
1061 1923 1203 1964 sapientia
1216 1922 1286 1952 deus
1305 1926 1404 1954 omnia
1425 1926 1638 1965 attemperavit,

900 1973 934 1995 ut
948 1965 1037 1994 etiam
1052 1965 1106 1994 sub
1121 1964 1194 2001 sole,
1215 1971 1245 1994 et
1261 1965 1290 1994 in
1307 1965 1376 2005 ipsis
1388 1964 1550 2004 ardoribus,
1560 1965 1639 2006 quod

901 2014 1011 2036 veteres
1024 2016 1082 2036 non
1091 2007 1162 2036 satis
1177 2007 1639 2046 cognoverunt,jucundissimam

900 2049 988 2078 vitam
1001 2048 1093 2078 brutis
1109 2054 1137 2077 et
1150 2046 1320 2077 hominibus
1335 2048 1419 2078 liceat
1430 2049 1548 2089 agitare.

943 2088 988 2119 Ib.
1012 2089 1155 2128 Numero]
1179 2088 1327 2119 Zonarum
1339 2091 1454 2120 scilicet.

943 2137 995 2161 48.
1019 2131 1100 2162 Cura
1119 2131 1176 2171 dei]
1211 2129 1268 2161 Pro
1293 2131 1348 2160 deo
1370 2133 1446 2172 ipso,
1467 2131 1640 2162 Graecorum

904 2184 984 2204 more
997 2173 1204 2203 venustissimo
1220 2173 1314 2213 poetis
1328 2172 1475 2204 familiari.

945 2214 991 2245 lb.
1013 2215 1130 2254 Ptagae]
1164 2213 1242 2248 Quae
1262 2215 1328 2244 coeli
1349 2221 1485 2256 respectu
1503 2214 1641 2245 dicuntur

903 2257 1009 2294 Zonoe,
1022 2267 1066 2286 eae
1081 2257 1111 2286 in
1127 2267 1157 2294 se
1172 2264 1242 2286 sunt
1255 2257 1349 2298 plagae
1363 2263 1414 2287 aut
1429 2264 1514 2287 terrae
1530 2262 1639 2297 partes,
1661 2287 1663 2289 ,

905 2309 976 2339 quas
988 2298 1096 2328 coelum
1112 2299 1229 2338 premit.

947 2347 998 2373 49.
1021 2339 1168 2380 Quarum]
1205 2339 1251 2370 lta
1276 2341 1344 2370 verb
1372 2339 1414 2369 illi
1443 2339 1640 2376 erediderunt,

905 2382 955 2422 qui
971 2383 1077 2418 ventis,
1091 2389 1176 2411 terroe
1194 2382 1266 2418 situ,
1287 2381 1410 2422 aliisque
1433 2381 1567 2421 plurimis
1589 2391 1642 2411 ne-

907 2425 1051 2454 sciverunt
1066 2424 1208 2464 inexperti
1219 2424 1375 2464 temperari
1383 2423 1452 2453 solis
1467 2423 1592 2453 ardores.

950 2472 1000 2496 50.
1024 2465 1121 2505 Duas]
1147 2464 1225 2499 Quae
1236 2472 1303 2496 sunt
1315 2475 1412 2495 versus
1423 2464 1515 2504 polos.

951 2514 1000 2537 51.
1021 2507 1130 2546 Mistrst]
1163 2506 1351 2547 Temperatas
1378 2505 1450 2537 dicit
1477 2504 1576 2536 Zonas
1605 2504 1642 2535 ab

907 2557 1031 2588 utroque
1044 2548 1132 2578 latere
1147 2549 1275 2582 torridae3
1298 2559 1364 2588 quae
1385 2547 1453 2577 solis
1473 2547 1557 2577 radiis
1576 2547 1643 2576 illu-

907 2598 1032 2620 strantur
1045 2590 1176 2631 quidem;
1192 2600 1250 2619 non
1262 2591 1304 2620 ita
1315 2597 1425 2626 tamen,
1437 2597 1471 2619 ut
1486 2599 1545 2619 non
1561 2588 1645 2630 polo·

145 2637 151 2641 ”
175 2636 309 2675 Quinque
321 2638 413 2663 tenent
427 2633 528 2662 coelum
541 2631 650 2661 Zonae:
674 2642 797 2671 quarum
809 2642 870 2662 rma
912 2642 976 2662 rum
990 2631 1081 2671 frigus
1096 2632 1281 2674 participent.

299 2685 413 2705 corusco

176 2718 293 2759 Semper
301 2718 357 2747 sole
364 2717 477 2753 rubens,
486 2720 512 2745 et
521 2696 629 2745 torrida
636 2724 744 2757 semper
751 2716 786 2745 ab
795 2715 871 2754 igni,-

955 2678 1005 2707 57.
1028 2673 1094 2702 Non
1101 2673 1225 2714 passim]
1251 2671 1314 2707 Qui
1326 2672 1399 2702 alter
1419 2671 1456 2702 ab
1475 2679 1556 2710 ortu,
1572 2672 1645 2702 alius

912 2714 948 2744 ab
963 2724 1067 2744 occasu
1077 2716 1178 2757 spirat,
1195 2713 1233 2746 ὕ
1234 2724 1258 2744 c.
