1824 2991
778 81 984 161 1N¹DEX.

106 210 316 254 'Hesionae
333 206 627 250 Laomedontis
646 205 743 248 filiae
754 207 862 249 libe·

181 277 280 308 ratio

120 323 263 366 Thetis
278 323 319 363 in
341 322 465 363 varias
485 322 633 362 formas
836 322 864 370 7

120 379 341 423 Daedali-»n
363 380 402 419 in
423 378 675 432 accipitrem
836 382 863 418 S

121 436 263 491 Lupus
285 435 324 476 in
345 449 486 475 saxum
838 438 864 474 9

119 493 303 546 Alcyone
325 502 364 531 et
385 493 495 545 Ceyx
517 491 558 531 in
579 505 670 531 aves
814 495 865 531 lo

121 548 266 589 Somni
284 548 426 588 dumus·
447 548 663 602 descriptio

120 605 203 647 Dei
223 604 354 644 somni
371 603 524 644 affictio

121 661 345 715 Morpheus
369 663 408 700 in
429 660 618 701 homines

120 717 324 759 Phobetor
340 717 380 756 in
402 717 596 757 animalia
619 718 736 758 bruta

118 773 337 815 Phantasos
355 773 394 813 in
416 773 638 814 inanimata

119 829 346 885 Morpheus
363 830 402 870 in
425 830 601 885 Ceycem

114 885 292 928 'AEsacus
308 886 353 928 in
372 900 560 941 mergum
814 891 861 927 11

359 1053 495 1094 Llssm
527 1051 625 1094 XII.

126 1166 328 1208 SERPENS
349 1165 391 1206 in
411 1180 552 1206 saxum
712 1166 816 1208 FAB.
842 1173 859 1208 1

121 1222 336 1278 Iphigenia
358 1222 677 1276 Agamemnonis
706 1222 789 1264 filia
820 1224 863 1265 in

178 1292 338 1319 cervam
649 1290 653 1294 ’
835 1285 862 1320 2

117 1335 258 1376 Famae
280 1336 422 1375 domus
445 1334 662 1390 descriptio

118 1391 326 1433 Protesilai
348 1391 479 1431 caedes
833 1397 859 1434 3

115 1447 280 1502 Cygnus
302 1462 402 1502 puer
423 1447 462 1487 in
484 1462 601 1489 avem
643 1465 648 1469 ·

111 1503 285 1546 Caeneus
302 1506 343 1545 in
364 1518 480 1544 avem

115 1559 253 1602 Caenis
267 1562 403 1616 puella
419 1560 459 1600 in
478 1560 633 1604 marem'

113 1617 286 1659 Pirithoi
303 1628 342 1657 et
360 1617 652 1672 Hippodamiae
673 1619 829 1674 nuptiae

725 1511 754 1547 4
770 1511 855 1568 εῖῤ

110 1672 380 1739 Lapitharum
479 1675 856 1732 Centaurorumque

110 1732 416 1841 Peiiircaigiiienus
427 1789 549 1830 Nelei
559 1789 665 1830 filius
676 1789 717 1830 in
731 1789 857 1831 varias

169 1842 320 1896 figuras
829 1851 856 1887 6

112 1898 287 1940 Achillis
302 1914 408 1942 mors
829 1907 856 1953 7

190 1994 194 1998 ⁸
239 2021 258 2033 ⁶
342 2012 478 2056 Limu
505 2013 630 2056 XIII.

113 2126 244 2167 AJAx
300 2126 343 2167 in
402 2126 668 2180 hyacinthum
714 2129 853 2171 florem

310 2178 323 2184 “
705 2184 809 2227 ΡΑΒ.
833 2194 849 2227 1

106 2238 324 2280 Armorum
347 2238 520 2279 Achillis
534 2238 738 2294 judicium

109 2293 249 2349 Ajacis
269 2295 396 2341 oratio

110 2350 452 2393 Artificiosissima
473 2351 624 2408 Ulyssis
644 2355 772 2396 oratio

107 2404 287 2448 Hecuba
303 2408 344 2448 in
364 2423 509 2450 canem
824 2416 852 2453 2

106 2461 295 2517 Polydori
316 2465 447 2505 caedes

106 2517 326 2573 Polyxenae
347 2521 574 2563 immolatio

105 2572 419 2630 Polymnestoris
437 2579 626 2621 Thraciae
653 2579 758 2635 regis
778 2594 849 2623 ex-

165 2634 336 2676 caecatio

107 2686 348 2732 Memnonis
371 2693 526 2734 cineres
553 2692 595 2734 in
616 2707 707 2734 aves
822 2699 849 2736 3

108 2742 255 2789 AEneae
273 2745 318 2790 in
332 2748 498 2795 Latium
520 2750 724 2807 navigatio
822 2758 850 2794 4

1600 120 1658 162 vii

911 205 1128 256 Aniifiliae,
1139 206 1277 246 omnia
1293 221 1366 249 suo
1380 215 1488 249 tactu
1505 208 1545 248 in
1570 207 1657 248 fru-

956 272 1170 316 vmentum,
1187 264 1341 313 vinum,
1355 267 1543 306 oleumvc
1560 279 1659 318 con·

972 329 1187 367 vertentes,
1203 320 1244 360 in
1267 323 1475 362 columbas

914 375 1196 431 Diiojuvenes
1217 391 1266 418 ex
1281 379 1367 432 rogi
1390 379 1524 420 fax-ina

916 433 1042 474 Index
1063 434 1103 473 in
1124 448 1264 474 saxum

917 490 1069 530 Siciliae
1086 490 1301 543 descriptio

906 547 1052 600 *Scylla
1069 546 1110 586 iu
1134 556 1360 588 monstrum

916 604 1014 644 Acis
1036 603 1078 642 in
1099 602 1269 643 fluvium

917 659 1158 713 Polyphemi
1181 660 1384 701 cantilena

916 715 1097 757 Glaucus
1117 715 1159 758 in
1180 715 1303 757 deum
1321 717 1526 760 marinum
1634 724 1659 760 9

1632 384 1656 420 5

1530 439 1657 486 Get7

1633 498 1657 534 8

1146 846 1278 889 Lissm
1310 846 1423 890 XlV.

917 951 1103 993 Scurra-
1126 952 1293 1007 inguina
1315 954 1355 995 in
1378 969 1496 998 canes
1512 956 1652 1000 Fini

917 1007 1116 1063 Cercopes
1141 1010 1186 1050 in
1209 1010 1343 1052 simias
1629 1020 1656 1056 3

914 1063 1068 1118 Sibylla
1086 1066 1126 1105 in
1144 1080 1284 1107 vocem
1300 1077 1305 1081 '
1470 1114 1474 1115 ⁷
1628 1077 1658 1112 4

915 1119 1026 1160 Socii
1045 1121 1198 1176 Ulyssis
1220 1123 1259 1163 in
1282 1138 1422 1178 porcos

914 1199 1029 1208 ——-—
1050 1177 1090 1218 in
1108 1178 1319 1232 pristinam
1341 1182 1512 1224 formam

914 1232 1036 1274 Picus
1057 1234 1099 1274 in
1119 1249 1234 1276 avem
1630 1242 1657 1291 7

914 1289 1002 1330 Pici
1024 1291 1193 1332 comites
1211 1292 1250 1332 in
1270 1294 1370 1335 feras
1628 1302 1656 1338 8

913 1345 1072 1387 Canens
1090 1347 1176 1389 Pici
1199 1363 1298 1390 uxor
1318 1351 1398 1392 loci
1419 1366 1570 1394 nomen
1628 1358 1654 1396 9

1522 1130 1656 1169 5et6

913 1403 1071 1456 Apulus
1092 1413 1225 1459 pastor
1246 1406 1285 1446 in
1300 1409 1520 1450 oleastrum
1603 1415 1650 1452 11

909 1458 1054 1500 ‘'Eneae
1077 1462 1249 1502 navesin
1274 1466 1468 1521 nymphas
1601 1472 1654 1508 12

910 1515 1034 1556 Navis
1055 1517 1333 1575 iri-scopulum
1389 1560 1392 1562 ,
1604 1529 1653 1566 13

908 1572 1044 1614 Ardea
1063 1573 1104 1614 in
1125 1589 1241 1616 avem
1603 1586 1656 1622 14

907 1627 1058 1670 AEneas
1080 1631 1122 1670 in
1144 1632 1266 1674 deum
1286 1632 1507 1689 indigetem
1600 1643 1652 1681 15

908 1687 1060 1727 Albani
1082 1701 1193 1742 reges
1602 1699 1652 1736 16

906 1741 1155 1784 Vertumnus
1175 1744 1218 1785 in
1238 1745 1364 1788 varias
1384 1746 1544 1802 figuras

916 1803 920 1805 “
1142 1826 1161 1834 -
1182 1799 1226 1841 in
1247 1804 1423 1845 vetulam

907 1856 1137 1898 Anaxarete
1152 1859 1288 1912 puella
1305 1859 1347 1899 in
1364 1875 1504 1903 saxum
1597 1865 1648 1915 17

910 1911 1028 1953 Urbis
1047 1914 1192 1954 Romae
1206 1916 1432 1959 conditores
1470 1923 1516 1960 18
1532 1929 1572 1962 et
1597 1926 1647 1964 19

906 1970 1036 2024 Aquae
1054 1971 1208 2024 frigidae
1230 1971 1271 2012 in
1288 1974 1436 2017 calidas

906 2024 1105 2067 Romulus
1123 2028 1163 2067 in
1185 2028 1306 2070 deum

905 2081 1097 2133 Hersilia,
1119 2083 1288 2127 Romuli
1310 2102 1425 2143 uxor,
1447 2089 1488 2132 in
1511 2089 1646 2134 Deam

963 2139 1122 2182 Horam
1591 2153 1649 2190 20

1105 2236 1107 2238 .
1145 2254 1278 2296 Luam
1310 2256 1403 2299 XV.

902 2356 1099 2399 Cacum
1117 2360 1197 2401 albi
1215 2360 1256 2401 in
1275 2361 1407 2416 nigros
1491 2366 1595 2409 ΕΑΒ.
1621 2373 1638 2410 1

900 2413 1039 2455 Numa
1059 2416 1108 2456 ad
1131 2416 1398 2472 Pythagoram

875 2499 880 2506 .
900 2469 1138 2526 Pythagorae
1159 2474 1348 2528 dogmata
1613 2487 1642 2524 2

1155 2545 1288 2572 Sermo

1160 2592 1517 2646 metempsychosis
1611 2599 1636 2635 3

899 2638 1144 2697 Pythagoras
1161 2643 1203 2685 in
1222 2644 1490 2701 Euphorbum

899 2696 1106 2745 Omnium
1144 2715 1280 2745 rerum
1322 2704 1665 2752 vicissitudinem*

955 2768 1039 2798 esse
1395 2782 1398 2784 v
