1824 2991
567 138 959 184 METAMORPH.
990 141 1085 183 Lm.
1108 140 1141 182 Ι.

1557 143 1612 181 29

101 233 233 277 Sentit
252 231 384 273 adhuc
403 233 599 288 trepidare
619 249 725 275 novo
741 235 814 274 sub
835 235 982 275 cortice
1003 242 1174 289 pectus.·
1215 235 1305 263 ⁵⁸¹¹*st
1321 240 1422 274 ῐέῡῐῠὲι
1441 234 1547 264 micare
1562 233 1613 264 Μ-

100 289 511 347 Complexusque'suis
520 305 560 330 ra
567 304 662 341 mos,
673 300 716 331 ut
729 291 921 340 membra,
932 291 1102 339 lacertis,
1113 295 1164 330 55

99 346 250 386 Oscula
271 344 337 385 dat
357 345 492 399 ligno:
515 347 661 400 refugit
681 355 816 387 tamen
838 348 972 387 oscula
992 347 1165 400 lignum.

1172 295 1191 312 r-
1217 274 1274 305 ltuc
1303 275 1357 304 sul)
1386 276 1495 305 recenti
1528 275 1610 306 libro.

1170 309 1193 330 ²³
1216 317 1255 347 Et
1269 317 1418 356 amplexus
1440 327 1533 348 ramos
1552 318 1613 347 suis

1216 358 1351 393 brachiis,
1375 368 1512 398 tanquam
1523 366 1614 396 artus,

100 401 179 441 Cui
192 401 319 451 Deus,
340 402 393 441 At
406 401 555 457 conjux
568 403 759 457 quoniam
776 417 865 443 mea
880 417 958 442 non
977 412 1087 456 potes
1101 416 1198 452 esse,
1215 400 1397 430 demulatffl
1411 400 1540 441 'ignum‘
1558 401 1615 442 lig-

99 458 231 498 Arbor
250 457 324 498 eris
345 459 466 508 certe,
487 458 601 509 dixit,
622 473 725 500 mea.

784 459 953 513 Semper
973 459 1179 498 habebunt

1218 453 1287 471 nuni
1305 451 1402 471 tamen
1419 442 1517 471 oscula
1537 441 1614 472 refu-

1216 485 1269 524 git.
1312 482 1411 517 Quam
1427 483 1497 513 deus
1519 485 1560 513 sic
1573 483 1614 512 al-

98 512 160 553 Te
181 527 310 564 corna,
330 521 369 554 te
385 514 564 565 citharae,
584 524 623 555 te
643 523 803 565 nostrae,
818 517 942 564 laure,
960 515 1169 568 pharetrae.
1218 526 1348 564 loquitur
1365 536 1371 553 t
1399 525 1440 554 At
1468 525 1613 564 siquidem

99 568 164 609 Tu
185 569 353 610 ducibus
374 569 498 610 Latiis
517 571 658 622 aderis,
678 572 773 611 cum
794 573 884 611 laeta
903 570 1154 624 triumphum

59 646 63 649 ·
99 623 191 665 Vox
204 634 337 675 canet;
359 634 397 664 et
418 627 550 680 longae
563 627 690 667 visent
704 626 905 681 Capitolia
920 640 1091 680 pompae.
1115 630 1191 666 561

98 680 281 722 Postibus
301 683 496 735 Augustis
517 683 656 724 eadem
674 682 863 724 fidissima
885 691 1015 722 custos

98 737 208 778 Ante
227 738 330 778 fores
347 738 482 787 stabis3
506 740 760 794 mediamque
779 740 941 779 tuebere
961 752 1169 792 quercum.

100 792 239 848 thue
259 806 397 834 meum
417 794 587 835 intonsis
608 804 728 850 caput
747 794 999 849 estjuvenile
1020 794 1199 849 capillis;

1218 576 1276 595 non
1293 574 1375 606 potes
1385 577 1447 596 esse
1458 577 1529 596 uxor
1539 575 1616 603 mea,

1218 608 1350 648 profecto
1368 608 1423 637 eris
1444 608 1526 638 arbor
1541 617 1616 637 mea.

1216 649 1275 685 Tu,
1293 648 1398 685 Laure,
1419 649 1552 690 capilloS,
1578 651 1620 679 ci-

1217 690 1340 727 tharam,
1364 690 1526 731 pharetram
1553 701 1620 721 nos-

1217 741 1290 762 tram
1302 743 1418 773 semper
1427 733 1552 763 ornabis.
1573 731 1620 762 Tu

1218 775 1402 804 comitaberis
1436 775 1623 815 imperatores

1219 816 1350 851 Latinos,
1383 817 1451 846 cum
1480 814 1622 857 triumphi

100 849 167 890 Tu
180 863 340 904 quoque
354 858 563 906 perpetuos
575 865 733 906 semper
743 865 836 905 gere
852 851 1002 891 frondis
1018 851 1197 891 honores.
1218 866 1304 887 cautu
1321 858 1565 894 celebrabuntur;
1589 866 1621 888 et

101 905 280 946 Finierat
300 906 434 949 Paean.

495 907 629 947 Factis
642 908 768 948 'modo
783 909 915 948 laurea
937 907 1058 947 ramis

1118 911 1200 947 566
1219 900 1367 940 productae
1388 910 1503 940 pompae
1517 909 1621 929 ascen-

1219 941 1290 971 dent
1304 943 1334 971 in
1349 942 1538 982 Capitolium.
1559 940 1619 972 Ea·

103 961 283 1002 Annuit:
315 970 439 1017 utque
460 971 595 1017 caput,
623 962 705 1002 visa
725 971 782 1003 est
802 963 970 1016 agitasse
991 976 1201 1002 cacumen.
1219 982 1285 1012 dem
1327 983 1453 1024 effigeris
1488 983 1620 1013 custodia

160 1018 235 1058 XI.
266 1018 341 1058 Est
361 1033 502 1058 nemus
517 1019 763 1069 Haemoniae,
779 1027 978 1072 praerupta
999 1018 1106 1073 quod
1126 1032 1201 1058 un·
1219 1025 1379 1054 certissima
1401 1025 1532 1066 postibus
1554 1024 1620 1055 Au·

273 1073 394 1128 dique
415 1074 566 1113 claudit

103 1126 232 1169 Silva:
255 1137 399 1169 vocant
417 1129 587 1184 Tempe.

647 1129 724 1170 Per
744 1143 833 1183 quae
853 1129 1009 1169 Peneus
1021 1130 1073 1169 ab
1091 1129 1176 1169 imo

49 1219 53 1222 .
101 1183 266 1226 Effusus
286 1184 415 1225 Pindo
434 1185 630 1239 spumosis
649 1186 819 1226 volvitur
838 1186 969 1235 undis,

103 1239 358 1295 Dejectuque
378 1241 488 1295 gravi
508 1250 649 1282 tenues
667 1242 863 1296 agitantia
882 1243 1014 1282 fumos

104 1296 257 1337 Nubila
282 1297 487 1347 conducit,
506 1311 763 1352 summasque
784 1298 992 1353 aspergine
1012 1298 1127 1338 silvas

1220 1067 1312 1105 gustis
1336 1073 1404 1096 ante
1432 1075 1563 1107 portam;
1589 1074 1620 1096 et

1221 1107 1359 1136 defendes
1386 1109 1511 1137 mediam
1533 1118 1621 1148 quer-

1221 1149 1298 1177 cu'm.
1322 1147 1362 1177 Et
1373 1148 1619 1187 quemadmodum

1120 1186 1204 1235 570
1221 1197 1308 1230 caput
1322 1200 1420 1219 meum
1434 1198 1477 1220 est
1487 1190 1620 1230 juvenile

1220 1233 1304 1261 coma
1324 1232 1454 1267 intonsam
1479 1239 1512 1261 tu
1534 1233 1623 1262 etiam

1220 1271 1296 1303 habe
1311 1270 1425 1314 semper
1435 1274 1557 1315 gloriam
1565 1274 1625 1304 illi=

1172 1354 1175 1355 ⁷
1220 1314 1318 1345 batam
1328 1315 1472 1345 foliorum.
1514 1315 1624 1356 Apollo

1223 1356 1313 1386 finem
1338 1356 1456 1388 fecerat.
1507 1355 1621 1388 Laurus

103 1401 207 1432 annuit
222 1401 309 1430 ramis
324 1401 411 1430 modo
426 1401 545 1435 creatis3
562 1409 590 1430 et
606 1401 661 1430 visa
679 1406 722 1430 est
738 1410 852 1430 movere
867 1402 1004 1430 verticem
1020 1407 1159 1440 tanquam
1175 1407 1271 1438 caput.

145 1441 202 1472 XI.
225 1440 280 1471 Est
302 1453 405 1472 nemus
418 1441 590 1478 Thessaliae,
612 1442 689 1483 quod
705 1442 776 1472 silva
794 1443 851 1472 alta
873 1442 1034 1472 circumdat
1053 1441 1191 1481 undique,
1214 1441 1320 1470 dicitnr
1331 1439 1463 1482 Tempe;
1487 1451 1539 1482 per
1554 1451 1621 1482 qua

98 1481 220 1515 Peneus
235 1483 366 1514 defluens
382 1483 398 1514 ὲ
413 1484 557 1514 radicibus
572 1483 669 1520 Pindi,
686 1484 823 1514 fluctibus
835 1485 979 1526 spumosis
994 1483 1097 1519 fertur,
1114 1490 1144 1513 et
1158 1481 1325 1512 *vehementi
1339 1483 1420 1524 lapsu
1431 1483 1554 1514 devolvit
1569 1493 1622 1513 ne·

105 1525 188 1556 bulas
202 1525 342 1556 facientes
355 1525 494 1556 subtilem
510 1536 618 1563 rorem,
635 1533 664 1556 et
678 1527 794 1556 arbores
809 1537 953 1557 extremas
968 1526 1135 1566 irrigatione
1512 1528 1515 1530 '

798 1610 938 1643 NOTAE.

149 1674 219 1701 ⁵56.
243 1669 374 1710 Refugit]
399 1668 478 1703 Quia
490 1669 584 1712 magis
595 1670 626 1700 in
638 1669 709 1703 locis
724 1669 844 1699 umbro-

109 1712 159 1748 sis,
173 1722 228 1742 nec
245 1719 304 1742 tam
321 1711 389 1742 solis
405 1712 490 1741 radiis
505 1713 660 1752 oppositis,
676 1712 803 1741 virescit.

149 1759 220 1784 558.
245 1753 408 1793 Habebunt]
434 1752 578 1784 Solebam
592 1758 698 1794 poetae,
711 1754 842 1791 itemque

105 1795 221 1830 musici,
233 1803 264 1825 et
279 1796 380 1832 duces,
394 1804 493 1836 caput,
511 1802 542 1825 et
557 1806 608 1825 sua
620 1795 757 1835 pleraque
771 1794 842 1823 lauri

106 1837 192 1867 ramis
207 1836 351 1866 decorare.

149 1883 219 1910 559.
243 1878 282 1907 Te
297 1877 431 1917 citharae]
457 1876 538 1907 Hine
562 1877 682 1907 laureati
703 1877 733 1906 in
757 1877 845 1906 scena

107 1918 269 1949 citharoedi.

149 1965 221 1991 560.
244 1961 450 2001 Triumphum]
476 1959 548 1990 Mos
559 1968 622 1989 erat
639 1958 845 2000 triumphanti-

105 2002 160 2032 bus
183 2001 353 2039 acclamare,
375 2004 443 2033 curn
464 2003 494 2033 in
514 2001 694 2042 Capitolium
717 2008 747 2031 et
761 2000 844 2031 Jovis

105 2043 249 2084 templum
263 2045 450 2074 sacrificaturi
465 2044 664 2080 ascenderent,
681 2043 713 2072 Ῑο
729 2044 844 2073 Trium-

97 2086 169 2127 phe.
185 2084 263 2116 Vide
277 2086 365 2116 Alex.
380 2087 417 2116 ab
429 2087 517 2117 Abex.
531 2087 581 2116 [ih.
591 2083 646 2115 Vl.
663 2094 726 2126 cap.
740 2089 769 2115 6.

148 2131 219 2158 561.
241 2127 493 2169 szgoepompoe]
518 2127 720 2168 Captivorum,
742 2137 775 2156 ac
797 2136 844 2157 re·-

104 2179 170 2199 rum
196 2169 330 2199 omnium
355 2171 558 2210 pretiosarum,
585 2170 615 2198 in
638 2169 717 2199 bello
745 2177 842 2209 capta.-

90 2219 168 2240 ,ωσι
180 2224 188 2247 ;
204 2211 366 2251 imaginum
381 2219 521 2252 praeterea
535 2211 650 2242 urbium
667 2218 844 2252 expugnata-

105 2262 182 2289 rum,
193 2252 247 2282 ἃς.

147 2299 217 2324 ⁵62.
236 2293 355 2333 Custos]
380 2292 461 2327 Quia
473 2295 503 2324 in
512 2294 653 2324 vestibulo
664 2294 771 2324 aedium
782 2294 844 2324 Au-

103 2337 181 2377 gusti
193 2336 376 2376 imperatoris
388 2336 486 2366 laurus
498 2335 553 2366 fuit
563 2337 668 2376 posita,
680 2337 710 2365 in
722 2336 781 2375 qua
793 2346 843 2366 co-

104 2387 177 2408 rona
191 2388 302 2418 querna
316 2377 395 2418 (quae
405 2378 444 2408 ob
460 2386 586 2408 servatos
597 2379 672 2408 cives
685 2377 787 2408 Civica
798 2378 843 2407 di-

104 2419 236 2459 cebatur)
254 2430 302 2449 sus
343 2429 393 2448 nsa
404 2428 457 2449 est.
495 2419 563 2449 Vid.
578 2418 672 2449 Dion.
689 2419 740 2449 lib.
756 2418 843 2449 LIII.

105 2459 155 2490 De
170 2459 225 2490 hac
238 2461 277 2491 ita
291 2429 415 2498 illimus,
432 2461 483 2491 lib.
494 2460 636 2501 XV.cap.
650 2461 694 2491 ult
706 2461 843 2492 :Laurus

106 2503 260 2544 triumphis
274 2503 389 2545 proprie
407 2504 533 2539 dicatur,
556 2504 600 2533 vel
611 2504 781 2542 gratissima
794 2504 843 2533 do—

106 2543 334 2584 mibusjanitn'x
351 2544 517 2582 Getarum,
538 2545 762 2586 pontificumque
777 2555 844 2583 quae

106 2586 167 2615 sola
182 2591 209 2616 et
226 2587 324 2617 domos
343 2593 475 2624 erorum,
498 2592 523 2617 et
547 2593 613 2617 ante
631 2587 733 2616 limina
756 2596 842 2616 excu-

107 2627 233 2663 hat,¹8oe.

151 2671 226 2698 584.
245 2669 381 2710 mansis]
407 2669 543 2710 Pingitur
552 2670 660 2711 Apollo
669 2678 800 2700 comatus
812 2677 842 2699 et

109 2709 267 2746 imberbi„
296 2712 354 2750 qua
375 2723 406 2742 re
431 2709 573 2742 radiorum
602 2713 738 2743 solarium
761 2714 842 2754 vigor

110 2760 258 2791 nunquam
273 2761 426 2784 senescens
437 2754 626 2796 significatur.

153 2797 225 2825 566.
246 2793 351 2834 Paean]
377 2793 423 2826 Eo
438 2797 556 2827 nomine
571 2796 683 2827 Graecis
694 2796 844 2834 dictusest

885 1669 995 1709 Apollo
1011 1669 1106 1700 παίων
1126 1669 1250 1709 sagittis,
1273 1669 1303 1699 id
1321 1675 1377 1706 est,
1399 1668 1483 1699 radiis
1497 1668 1620 1707 feriens;

887 1712 930 1740 vel
944 1707 1046 1741 ὶταύων
1061 1712 1175 1747 sedans,
1190 1719 1221 1740 et
1236 1715 1370 1740 coercens
1386 1710 1513 1749 morbos,
1527 1711 1571 1741 vel
1583 1712 1620 1742 ab

885 1753 1093 1783 acclamatione
1116 1753 1214 1782 matris
1236 1752 1306 1782 dum
1328 1749 1494 1792 Pythonem
1514 1753 1625 1784 interfi-

885 1802 964 1824 ceret
979 1794 1001 1823 ἵε
1018 1795 1090 1830 παῖ,
1106 1793 1246 1834 Jacefili.

929 1835 974 1866 lb.
991 1836 1121 1875 Laurea]
1146 1835 1265 1866 Laurus
1275 1846 1288 1872 ;
1309 1844 1476 1875 quanquam
1489 1845 1542 1876 pro
1554 1836 1623 1878 ipsis

887 1876 964 1907 soliis
979 1879 1093 1918 proprie
1108 1879 1209 1909 laurea
1223 1877 1358 1906 sumitur.

931 1924 1001 1949 568.
1029 1921 1083 1949 Est
1107 1919 1220 1958 nemus]
1256 1917 1372 1958 Tempe
1396 1919 1621 1950 amoenissimam

887 1958 1055 1991 Haemonias
1073 1960 1176 1990 vallem
1199 1960 1335 1991 describit
1349 1964 1446 2000 poeta,
1468 1971 1528 2000 quo
1543 1971 1623 1992 com-

886 2002 999 2032 modius
1021 2001 1083 2039 lue,
1110 2001 1214 2032 Inachi
1237 2003 1332 2032 amnis
1355 2001 1622 2038 filiae,'Metamor-

886 2043 993 2085 phosin
1006 2045 1035 2074 in
1046 2045 1204 2083 juvencam
1219 2054 1286 2074 cum
1297 2044 1442 2084 superiore
1459 2052 1623 2075 connectat.

889 2085 967 2116 Nam
977 2088 1063 2126 juxta
1077 2085 1192 2127 Tempe
1209 2093 1253 2116 est
1272 2086 1411 2126 spelunca
1425 2083 1516 2116 Penei
1531 2085 1623 2124 fluvii,

883 2126 1030 2170 Daphnes
1046 2128 1145 2168 patris,
1167 2128 1202 2158 ad
1224 2138 1313 2168 quem
1333 2126 1541 2158 consolandum
1560 2138 1625 2159 orn-

885 2181 938 2200 ncs
961 2171 1047 2200 vicini
1075 2180 1175 2200 amnes
1197 2177 1408 2205 convenerunt,
1430 2177 1537 2210 praeter
1557 2168 1624 2200 lna·

887 2211 988 2247 chum,
1004 2213 1055 2252 qui
1070 2213 1207 2242 amissam
1222 2211 1310 2241 filiam
1327 2210 1457 2252 lugebat.

926 2253 973 2284 lb.
989 2254 1164 2293 Haemoniae]
1191 2254 1357 2290 Tltessalioe,
1367 2252 1403 2282 ab
1415 2250 1561 2283 Haemone
1570 2250 1626 2285 Pe-

885 2295 955 2335 lasgi
973 2296 1034 2325 filio
1048 2297 1087 2325 ita
1100 2296 1197 2326 dietae.

931 2342 1000 2370 569.
1023 2338 1138 2379 Tempe]
1164 2337 1257 2376 Cujus
1268 2336 1324 2366 loci
1335 2337 1503 2373 amoenitas,
1513 2336 1624 2374 multis,

885 2378 1174 2419 AEliano'pncscrtim
1194 2379 1395 2408 venustissime
1408 2378 1570 2416 decantata,
1592 2380 1622 2409 in

884 2421 1069 2461 proverbium
1087 2421 1171 2459 abiit,
1187 2429 1219 2451 ut
1234 2430 1287 2462 pro
1300 2420 1371 2450 locis
1386 2421 1509 2450 amoenis
1525 2430 1623 2450 suma·

884 2471 932 2491 tnr
943 2461 1067 2502 Tempe.

929 2510 999 2538 570.
1024 2505 1130 2544 Pindo]
1156 2503 1267 2534 Pindus
1283 2514 1368 2534 mons
1388 2511 1432 2534 est
1447 2501 1622 2541 Thessaliae,

885 2555 932 2575 aut
949 2548 1026 2576 certe
1039 2558 1103 2576 cam
1119 2547 1288 2577 terminans.

926 2587 971 2617 Ib.
993 2589 1157 2629 Spumosis]
1188 2587 1235 2618 Ex
1258 2598 1341 2628 aquae
1365 2597 1452 2617 cursu
1478 2585 1621 2627 praecipiti

884 2640 950 2659 cum
959 2632 1059 2660 multu
1076 2641 1209 2660 saxorum
1223 2630 1376 2659 latentium
1393 2629 1505 2658 collisu.

929 2678 999 2706 571.
1025 2673 1143 2711 Furnos]
1183 2670 1403 2701 Minutissimas
1435 2669 1507 2699 dicit
1535 2679 1620 2711 aqua

884 2722 990 2754 partes,
1010 2725 1077 2754 quae
1096 2714 1226 2744 fluminis
1246 2714 1357 2752 impetu
1378 2711 1515 2752 dispersa
1534 2711 1622 2742 nubi·

885 2764 936 2787 aut
951 2756 1025 2786 fumi
1040 2757 1168 2797 speciem
1186 2755 1323 2786 referunt.
