1824 2991
123 165 142 182 ⁰
222 158 225 160 ’
505 166 897 209 METAMORPH.
930 166 1026 208 Lm.
1047 167 1165 211 xm.

1526 147 1608 212 365

92 257 268 307 Adstitit,
280 263 399 310 atque
419 257 556 296 oculos
576 257 740 309 paulum
759 257 899 296 tellure
921 247 1093 296 morittos
1119 259 1193 296 125
1213 258 1354 286 surrexit:
1378 266 1465 298 atque
1487 249 1610 290 sustulit

93 313 265 356 Sustulit
283 312 546 365 ad-procercs,
567 320 873 366 exspectatoque
895 312 1051 351 res-olvit

90 371 173 410 Ora
189 382 289 408 sono
304 383 314 409 z
336 381 465 421 neque
480 368 589 406 abest
609 367 792 407 facundis
805 367 931 419 gratia
951 367 1081 407 (lictis.

91 426 135 466 Si
157 438 248 465 mea
265 437 359 467 cum
380 423 513 462 vestris
535 423 747 462 valuissent
763 431 866 470 vota,
888 423 1055 476 Pelasgi,

89 480 185 521 Non
207 481 307 519 foret
318 479 535 531 ambiguus
558 477 656 517 tanti
679 478 908 517 certaminis
924 478 1069 518 haeres:
1128 478 1136 482 ’

1213 298 1248 326 ad
1264 299 1399 337 primates
1421 301 1522 330 oculos
1539 311 1609 340 pau-

1214 339 1275 368 lum
1293 348 1375 368 terrae
1391 341 1505 376 affixos;
1521 351 1611 382 atque

1213 381 1324 420 aperuit
1348 392 1380 409 us
1402 392 1469 410 voce
1492 394 1611 423 exspec-

1165 429 1167 431 ’
1213 422 1294 456 tat&
1313 433 1407 461 neque
1431 423 1611 454 desideratur

1215 462 1293 502 lepus
1327 464 1442 493 disertte
1478 466 1611 495 orationi.

1214 503 1247 532 Si
1264 515 1326 533 inea
1342 506 1482 534 desideria
1506 507 1610 535 suauis-

88 536 236 590 Tuque
250 535 326 575 tuis
341 534 475 583 armis,
495 548 565 573 nos
585 541 624 572 te
646 543 886 587 poteremur,
903 533 1076 574 Achille.
1119 537 1197 572 130
1214 554 1277 574 sent
1323 557 1388 575 eum
1433 558 1466 575 vc
1484 548 1546 582 ms,
1589 550 1609 577 ο

90 591 224 636 Quem
239 589 429 644 quoniam
445 603 524 629 non
540 603 656 643 aequa
671 589 770 629 mihi
787 590 976 642 vobisque
987 592 1183 643 negarunt
1213 587 1322 623 Gfaeffi’
1344 598 1492 617 sum-’⁵⁵0'
1507 590 1610 618 horum

90 646 202 696 Fata,
220 649 439 699 (manuque
454 645 573 685 simul
593 645 717 695 veluti
738 645 1028 698 lacltrymantia
1048 645 1158 685 tersit

89 702 300 752 Lumina‚)
315 701 403 755 quis
419 715 567 754 magno
588 701 729 740 melius
749 701 937 740 succedat
956 701 1141 749 Achilli,¹

24 801 26 803 ,
90 757 226 802 Quum
237 771 438 812 perquem
453 770 620 810 magnus
629 756 781 796 Danais
794 756 1196 796 successitAehilles?

57 850 62 851 ⁷
91 812 205 854 Huic
226 813 347 854 modo
368 826 418 853 ne
437 813 573 867 prosit,
593 812 712 867 quod,
733 821 778 852 ut
803 820 875 863 est,
896 813 1016 852 hebes
1036 827 1119 853 esse
1140 827 1197 852 vt-

260 869 374 908 detur
385 884 398 909 2

93 923 212 966 Neve
227 925 329 965 mihi
351 934 510 975 noceat,
533 923 638 978 quod
658 923 768 964 vobis
788 937 958 977 semper,
980 923 1140 974 Achivi,

1214 639 1374 665 armorum,
1420 630 1457 658 de
1504 631 1614 669 quibu·

1214 677 1296 699 tauta
1321 681 1398 700 nunc
1423 679 1466 700 est
1490 680 1613 700 contcn-

1215 712 1270 747 tio,
1294 721 1352 741 non
1381 722 1452 741 esset
1490 713 1610 749 dubius,

1216 760 1306 792 tuque
1362 754 1502 793 gauderes
1553 756 1611 784 tuis

1165 813 1174 821 .
1215 795 1313 830 armis,
1330 805 1380 823 nos
1396 803 1425 824 te
1438 795 1612 832 frueremur,

1215 835 1344 868 Achiue.
1365 835 1464 870 Quem
1473 838 1614 877 quoniam

1119 873 1195 909 135
1216 887 1275 906 sors
1300 878 1399 918 iniqua
1428 878 1500 908 milti
1523 886 1613 918 atque

1214 919 1296 948 vohis
1325 929 1384 948 nou
1419 920 1615 958 indulserunt,

1217 960 1314 999 (atque
1339 961 1425 990 simul
1463 963 1542 1001 quasi
1574 961 1616 990 la-

91 979 248 1022 Profuit
258 978 466 1034 ingenium
481 996 490 1021 :
508 993 674 1034 meaque
685 979 775 1020 haec
789 980 1113 1033 facundia‚siqua
1123 989 1194 1030 est,
1213 999 1396 1041 chrymantes
1414 1003 1513 1032 oculos
1526 1013 1615 1033 manu

95 1037 204 1082 Quae
225 1050 334 1076 nunc
355 1050 425 1090 pro
445 1035 623 1084 domino,
637 1049 707 1089 pro
723 1036 834 1076 vobis
849 1050 958 1089 saepe
975 1037 1108 1075 locuta
1123 1045 1195 1087 est,
1213 1043 1359 1081 abstersit)
1391 1045 1456 1082 quis
1498 1045 1612 1082 aequtus

92 1092 252 1134 Invidia
271 1101 423 1132 careat:
455 1093 559 1131 bona
574 1105 650 1131 nec
666 1105 735 1130 sua
756 1091 924 1145 quisque
942 1100 1109 1131 recuset.

1212 1084 1346 1113 succedat
1381 1084 1450 1114 forti
1489 1084 1613 1122 stt-billi,

1213 1125 1301 1163 quhtn
1355 1126 1404 1164 qui
1463 1125 1612 1155 Achillem

92 1148 200 1189 Nam
216 1161 357 1201 genus,
370 1155 408 1186 et
417 1161 591 1200 proavos,
603 1156 740 1200 etquae
749 1161 829 1187 non
841 1147 1010 1186 fecimus
1023 1147 1109 1200 ipsi,
1121 1150 1196 1186 140
1214 1165 1326 1195 (ᾖπῶς
1341 1167 1548 1196 auxiliaturum
1565 1168 1614 1196 ad-

94 1202 175 1244 Vix
194 1217 240 1243 ea
255 1213 384 1242 nostra
405 1217 517 1242 voco.

265 1481 394 1522 exsul.

95 1535 170 1578 Est
189 1550 349 1591 quoque
371 1549 440 1589 per
460 1537 629 1576 matrem
651 1535 855 1590 Cyllenius
873 1534 1007 1576 addita
1027 1537 1141 1576 nobis

96 1593 236 1633 Altera
255 1592 451 1631 nobilitas.
508 1590 696 1641 Deuscst
719 1593 758 1631 in
777 1599 944 1645 utroque
965 1599 1140 1645 parente.

96 1647 177 1687 Sed
199 1661 328 1700 neque
349 1655 529 1686 materno
549 1647 653 1700 quod
672 1647 746 1687 sim
769 1647 996 1700 generosior
1010 1657 1112 1697 ortu,

94 1701 185 1743 Nee
200 1703 301 1743 mihi
323 1703 427 1756 qubd
441 1711 552 1756 patet·
567 1712 623 1742 est
641 1703 802 1742 fraterni
815 1703 1018 1755 sanguinis
1033 1703 1179 1753 insons,

97 1757 302 1812 Proposita
311 1772 420 1798 arma
429 1767 542 1812 peto:
559 1758 709 1798 meritis
717 1758 929 1812 expendite
936 1772 1112 1799 causam.
1121 1763 1198 1799 150
1231 1785 1236 1790 -

428 1251 435 1256 ⁸
576 1202 656 1242 Sed
677 1202 800 1251 enim,
814 1202 908 1255 quia
929 1203 1081 1242 rettulit
1095 1200 1197 1254 Ajax
1214 1208 1318 1236 duxit?
1353 1207 1459 1236 -Μοάὸ
1481 1218 1518 1237 ne
1541 1207 1612 1237 huic

92 1258 190 1300 Esse
198 1258 224 1300 J
228 1258 310 1298 ovis
315 1272 526 1312 pronepos,
544 1257 663 1297 nostri
679 1271 838 1311 quoque
847 1257 1051 1310 sanguinis
1060 1266 1198 1297 auctor

92 1313 252 1368 Jupiter
270 1324 341 1360 est,
360 1313 608 1367 totidemque
627 1313 770 1366 gradus
791 1313 981 1353 distamus
1002 1315 1051 1353 ab
1067 1313 1150 1354 illo.

95 1369 202 1410 Nam
226 1369 325 1410 mihi
349 1369 509 1409 Laertes
529 1378 640 1422 pater
658 1378 730 1419 est,
749 1369 934 1409 Arcesius
949 1369 1022 1419 illi,

92 1425 253 1480 Jupiter
268 1425 380 1465 huic:
414 1439 545 1479 neque
561 1424 603 1464 in
623 1425 683 1465 his
698 1424 907 1479 quisquam
929 1426 1139 1466 damnatus
1159 1432 1199 1465 et

1215 1249 1306 1288 prosit
1318 1248 1409 1288 quod,
1418 1258 1450 1277 ut
1463 1257 1518 1284 est,
1534 1249 1614 1278 vide-

1216 1298 1264 1319 tur
1285 1300 1347 1319 esse
1376 1290 1523 1330 stupidus;
1554 1301 1615 1321 neu

1216 1330 1289 1360 mihi
1315 1331 1393 1361 obsit
1407 1332 1533 1368 solertia,
1545 1343 1613 1371 quae

1215 1373 1296 1402 vobis
1310 1383 1424 1413 semper
1445 1374 1525 1402 utilis
1544 1373 1614 1411 fuit,

1216 1413 1333 1449 Graeci;
1354 1422 1444 1454 atque
1460 1414 1523 1444 haec
1547 1425 1613 1444 mea

1216 1455 1383 1495 eloquentia
1408 1457 1444 1488 (si
1467 1467 1524 1495 qua
1554 1455 1610 1495 est)

1120 1485 1195 1521 145
1215 1507 1282 1536 quae
1298 1506 1375 1526 nunc
1390 1497 1461 1526 dicit
1483 1506 1534 1537 pro
1559 1497 1612 1527 do-

1215 1539 1308 1573 mino,
1324 1548 1401 1577 saepe
1412 1538 1484 1568 dixit
1498 1549 1549 1578 pro
1562 1548 1613 1568 ve-

1213 1579 1271 1615 bis,
1293 1580 1399 1609 invidia
1422 1588 1534 1616 careat;
1562 1591 1616 1610 ne-

1215 1631 1272 1660 que
1299 1622 1452 1661 quisquam
1484 1622 1612 1661 negligat

1214 1671 1266 1691 sua
1276 1662 1362 1691 botta.
1399 1661 1477 1692 Nam
1490 1663 1535 1691 vix
1546 1663 1614 1692 dico

1216 1711 1323 1738 nostra,
1339 1705 1458 1743 stirpem
1474 1711 1503 1732 et
1519 1704 1610 1742 majo-

1215 1754 1271 1780 res,
1283 1753 1387 1783 etqua:
1403 1745 1458 1783 ipsi
1473 1754 1530 1774 non
1543 1755 1613 1785 ges-

1215 1795 1317 1814 simus.
1371 1784 1481 1815 Verum
1517 1787 1612 1815 enim-

1215 1836 1292 1861 vero,
1306 1827 1372 1865 quia
1384 1826 1459 1866 Ajax
1469 1837 1613 1856 memora-

97 1866 137 1895 vit
152 1876 182 1895 se
193 1875 256 1894 esse
272 1872 462 1905 pronepotem
473 1863 566 1901 Jovis,
581 1864 699 1905 Jupiter
713 1872 758 1894 est
773 1866 860 1895 etiam
875 1872 974 1895 auctor
988 1873 1093 1896 nostrae
1104 1867 1211 1907 stirpis;
1229 1874 1259 1896 et
1274 1867 1412 1897 distamus
1427 1868 1464 1897 ab
1479 1869 1529 1897 illo
1544 1870 1613 1898 toti-

98 1906 165 1937 dem
175 1907 290 1946 gradus.
335 1904 412 1934 Nam
427 1915 537 1946 patrem
550 1905 643 1936 liabeo
655 1906 802 1942 Laertem,
812 1906 860 1936 ille
872 1907 1036 1943 Arcesium,
1049 1906 1096 1937 hic
1107 1906 1212 1937 Jovem
1225 1922 1233 1945 ;
1257 1918 1351 1948 neque
1361 1911 1437 1938 iuter
1451 1909 1515 1939 illos
1531 1910 1612 1949 quis-

98 1958 186 1988 quam
198 1948 350 1977 damnatus
373 1957 403 1976 et
440 1948 567 1987 rofugus.
610 1947 771 1988 Cyllenius,
793 1949 809 1977 ὲ
824 1958 883 1987 quo
907 1956 997 1978 mater
1012 1959 1076 1978 mea
1097 1957 1159 1979 orta
1173 1956 1228 1985 est,
1244 1960 1279 1978 ex
1300 1950 1390 1980 altera
1412 1959 1496 1990 parte
1517 1961 1611 1991 genus
1669 1956 1672 1957 ⁷

100 1999 197 2018 meum
215 1989 359 2019 nobilitat.
403 1958 487 2018 licus
500 1997 542 2019 est
559 1990 587 2018 iu
603 1998 727 2029 utroque
740 1998 870 2029 parente.
913 1988 1023 2019 Verum
1048 2000 1144 2030 neque
1160 2000 1248 2030 posco
1261 2001 1352 2027 arma,
1368 1992 1403 2021 de
1428 1993 1534 2031 quibus
1549 1993 1611 2032 agi-

97 2038 155 2067 tur,
168 2031 237 2069 quin
251 2041 316 2059 sum
335 2030 458 2060 nobilior
484 2031 596 2071 origine
619 2032 762 2068 materna,
785 2041 881 2072 neque
899 2031 969 2071 quia
992 2030 1087 2062 habeo
1108 2041 1221 2072 patrem
1245 2033 1391 2064 insontem
1414 2033 1533 2063 fraterni
1547 2044 1612 2063 san-

98 2071 210 2112 guinis:
233 2071 364 2102 dirimite
380 2072 463 2102 litem
478 2073 597 2102 meritis.

790 2224 930 2270 NoTAE.

142 2302 213 2328 12⁵.
222 2296 356 2336 Adstitit]
372 2297 513 2334 Στάσκυ,
527 2296 594 2327 ὑπαὶ
606 2296 634 2326 δὲ
646 2297 740 2327 ἴδεσκε
754 2296 834 2327 κατὰ

101 2338 197 2380 χθονδς
207 2337 328 2377 ὄμματα
340 2339 448 2378 πήξας.
484 2336 568 2367 Iliad.
582 2343 614 2368 3.

141 2379 286 2419 Mortuos]
325 2378 381 2410 Per
406 2389 516 2409 moram
543 2379 622 2409 illam
643 2378 747 2408 dicturi
767 2389 835 2409 cum

101 2420 255 2457 indicatur,
279 2431 346 2460 quae
366 2421 490 2451 maxime
511 2420 660 2456 auditoris,
680 2430 769 2459 quem
785 2419 840 2464 ille⁶

101 2463 221 2492 revereri
235 2461 356 2498 videtur,
371 2461 604 2492 benevolentiam
620 2460 766 2490 conciliat.

145 2505 215 2532 22⁶.
239 2501 423 2544 Exspectata]
462 2503 561 2542 Atque
590 2503 662 2532 adeo
693 2502 835 2543 expetito,

102 2552 248 2585 quemque
259 2544 339 2573 avide
350 2545 480 2574 curiosus
494 2544 610 2574 auditor
623 2542 759 2583 excipiat.

147 2589 217 2614 182-
234 2583 341 2624 Vetuit]
379 2583 423 2615 Ut
448 2595 542 2625 neque
570 2593 712 2615 oratorem
740 2585 834 2622 irasci,

102 2625 143 2655 it)
159 2634 212 2655 nec
222 2624 291 2654 flere
305 2626 404 2661 decet:
418 2626 554 2656 simulare
569 2637 628 2656 non
639 2625 768 2656 dedecet.

146 2671 216 2695 184.
233 2665 287 2695 Per
299 2666 396 2706 quem]
435 2666 569 2708 Ulyssem
580 2669 631 2707 qui
651 2669 726 2697 inter
740 2666 833 2707 Lyco·

101 2706 194 2737 medis
221 2706 303 2747 Scyt-i
330 2706 433 2739 imula
465 2709 542 2748 regis
572 2709 642 2738 filias
670 2708 833 2741 latitantem

102 2747 249 2781 Achatem
263 2747 464 2789 depr-hendit,
475 2755 510 2782 ut
519 2747 593 2781 infr&
606 2749 778 2780 videbimus.

922 2302 989 2329 139.
1002 2298 1097 2334 Bona,
1108 2298 1177 2337 δια]
1195 2300 1214 2328 i.
1230 2309 1256 2328 e.
1267 2297 1368 2329 Nemo
1383 2299 1513 2330 modeste
1523 2302 1611 2333 nimis

875 2340 979 2371 merita
991 2350 1042 2368 sua
1053 2339 1171 2369 silentio
1185 2349 1311 2380 premat.

923 2386 990 2409 145.
1004 2380 1183 2420 Damnatus]
1201 2380 1302 2411 Tacite
1314 2380 1496 2421 Ajaci,Pelei
1505 2385 1612 2424 patrui,

875 2427 906 2449 ut
921 2429 951 2449 et
965 2419 1134 2451 Telamonis
1148 2423 1236 2462 patris
1250 2424 1359 2453 crimen
1375 2424 1516 2463 objectat:
1533 2422 1610 2454 Pho·

875 2471 941 2490 cum
956 2472 1080 2502 namque
1096 2463 1210 2494 fratrem
1222 2464 1259 2494 ab
1276 2473 1398 2506 utroque
1423 2465 1609 2496 interfectum

876 2503 1009 2532 nonnulli
1024 2504 1210 2544 scripserunt.

921 2548 989 2574 146.
1010 2544 1175 2586 Cyllenius]
1200 2547 1376 2584 Mercurius,
1389 2548 1407 2576 ii
1419 2547 1539 2587 Cyllene
1551 2546 1609 2577 Ar-

875 2585 963 2615 cadiae
979 2595 1078 2616 monte
1093 2587 1143 2617 ubi
1160 2596 1243 2617 natus
1253 2588 1366 2619 dicitur.
1408 2589 1543 2618 Anticles
1557 2598 1608 2618 au·

874 2634 934 2656 tem
952 2625 991 2656 Ul
1011 2628 1064 2656 sais
1081 2636 1172 2658 muter
1186 2629 1323 2670 Autolyci
1348 2630 1402 2659 fuit
1416 2630 1485 2663 fitia,
1509 2629 1606 2659 Auto-

875 2667 954 2709 lycus
1008 2670 1111 2699 ercurii
1127 2680 1162 2699 ex
1173 2668 1289 2700 Chione
1302 2670 1479 2701 Daedelionis
1495 2670 1563 2700 filia.

920 2714 988 2744 147.
1001 2709 1081 2740 Deus
1091 2716 1130 2740 est
1142 2712 1314 2752 inutraque]
1341 2711 1377 2742 ln
1386 2709 1495 2752 patre-1
1499 2712 1603 2753 upher,

875 2750 905 2780 in
915 2758 1007 2781 matre
1020 2750 1197 2784 Mercurius.

1189 2796 1263 2833 211
