1824 2991
608 155 1005 202 METAMORPH.
1037 156 1132 198 Lm.
1149 155 1184 198 1.
1644 162 1670 198 5

142 246 267 299 Ignea
283 243 455 298 convexi
470 243 527 285 vis
540 251 588 285 et
602 244 689 286 sine
709 244 884 300 pondere
904 244 1001 286 coeli
1039 282 1042 286 ,

141 300 340 351 Emicuit,
355 303 593 356 summaque
613 303 750 343 locum
765 301 842 342 sibi
858 301 957 355 legit
978 302 1018 342 in
1038 315 1143 342 arce.

140 357 355 398 Proximus
374 365 434 398 est
452 363 520 398 aer
539 357 599 398 illi
620 358 796 409 levitate,
814 359 1009 412 locoque:

141 413 320 455 Densior
335 414 396 455 his
415 415 556 455 tellus:
587 415 870 469 elementaque
884 414 1051 468 grandia
1069 413 1209 464 traxit3

141 469 198 511 Et
214 484 346 525 pressa
359 479 419 512 est
429 470 623 525 gravitate
636 473 711 511 sui.
760 470 1031 511 Circumfluus
1042 470 1190 510 humor
1200 473 1258 521 30

145 525 303 576 Ultima
321 527 509 582 possedit,
520 527 776 582 solidumque
796 526 975 567 coercuit
989 528 1142 568 orbem.

1276 242 1386 283 Igneus
1402 245 1532 286 impetus
1551 245 1675 276 com-exi

1275 286 1341 316 cmli
1355 294 1384 316 et
1396 287 1462 316 sine
1468 287 1608 327 gravitate
1622 298 1674 318 ex-

1275 328 1342 365 iliit,
1354 337 1385 358 et
1400 329 1454 359 sibi
1467 329 1557 370 elegit
1570 329 1671 361 sedem

1274 370 1304 399 in
1322 379 1404 410 parte
1418 371 1565 411 suprema.
1613 370 1674 401 Αῡι·

1275 421 1318 441 est
1335 411 1376 441 illi
1388 414 1537 452 proximus
1552 412 1673 443 levitate

1274 452 1303 482 et
1315 454 1400 483 sede:
1417 462 1491 483 terra
1502 459 1542 484 est
1554 455 1673 494 spissior

1275 495 1349 532 istis,
1371 504 1399 525 et
1421 497 1548 537 sumpsit
1567 497 1677 536 princi-

1275 538 1322 578 pia
1333 538 1487 568 crassiora:
1511 545 1542 567 et
1556 539 1675 578 depres-

194 572 254 625 ‘IL
271 583 341 625 Sic
358 583 427 624 ubi
443 583 688 638 dispositam,
702 583 880 648 quisquis
900 583 976 623 fuit
991 584 1059 624 iile
1077 583 1259 633 deorum,
1275 588 1417 610 ⁵⁸e³t⁵¹¹⁰
1426 579 1565 620 pondere.
1587 580 1677 619 Aqua

1275 620 1451 651 circumfusa
1471 621 1608 651 ultimam
1627 632 1673 650 se-

143 638 387 695 Congeriem
406 641 549 691 secuit,
567 651 798 695 sectamque
819 654 862 680 1n
883 641 1066 693 membra
1081 639 1256 694 redegit3
1275 662 1342 693 dem
1359 663 1502 699 obt-must,
1526 671 1555 693 et
1579 664 1676 692 conti-

140 696 346 751 Principio
366 703 526 747 terram,
549 711 599 738 ne
617 711 697 738 non
713 696 880 751 aequalis
892 697 942 737 ab
961 695 1076 737 omni

142 752 261 794 Parte
279 755 394 804 foret,
408 748 550 808 m'agni
562 753 738 809 speciem
754 752 993 807 glomeravit
1005 752 1046 793 in
1064 751 1180 798 orbis.
1203 757 1256 794 35
1274 747 1355 777 bem·

139 808 249 851 Turn
264 811 366 850 freta
385 809 574 863 diffundi,
594 810 820 865 rapidisque
832 817 1057 850 tumescere
1075 808 1204 850 ventis

139 865 168 907 J
171 866 280 916 ussit,
296 875 337 909 et
352 866 517 908 ambitae
537 866 786 908 circumdare
802 867 934 906 littora
951 874 1086 907 terrae:

143 922 315 966 Addidit
335 931 375 963 et
394 924 539 972 fontes,
556 923 835 976 immensaque
854 930 1008 975 stagna,
1028 924 1233 977 lacusque,

144 977 417 1034 Fluminaque
433 979 607 1033 obliquis
623 979 751 1019 cinxit
767 977 938 1018 declivia
958 978 1076 1032 ripis:

144 1034 250 1078 Quae
265 1034 417 1075 diversa
438 1035 536 1074 locis
554 1036 702 1088 partim
722 1035 933 1074 sorbentur
951 1035 1001 1073 ab
1023 1034 1133 1088 ips&

142 1123 225 1152 omui
241 1128 333 1163 parte.

1276 707 1342 735 nuit
1352 705 1457 735 durum
1472 712 1614 735 terrarum
1628 714 1677 735 or·

1319 787 1361 819 11.
1383 786 1539 828 Postquam
1553 787 1676 818 deorum

1276 831 1382 871 aliquis
1432 831 1615 870 (quicunque
1651 831 1676 859 is

1277 872 1348 910 fuit)
1371 883 1408 902 eo
1426 873 1512 901 modo
1532 872 1628 902 divisit
1648 878 1679 901 et

1277 914 1419 951 ordinavit
1431 924 1578 950 acervum,
1593 921 1623 943 et
1634 912 1679 943 di-

1277 957 1373 986 visum
1387 957 1417 986 in
1434 964 1530 996 partes
1550 955 1679 993 reduxit,

1279 999 1375 1038 primb
1389 997 1555 1027 rotundavit
1569 1006 1676 1027 terram

1205 1038 1262 1075 40
1280 1042 1309 1070 in
1318 1039 1437 1069 modum
1446 1039 1574 1079 ingentis
1582 1038 1678 1076 globi,

1279 1092 1316 1111 ne
1333 1091 1392 1111 non
1407 1089 1486 1110 esset
1499 1080 1620 1120 aequalis
1640 1080 1678 1110 ab

385 1120 505 1153 Deinde
521 1121 674 1162 imperavit
691 1122 780 1152 maria
793 1121 936 1158 diffluere,
951 1129 982 1151 et
992 1128 1159 1163 turgescere
1173 1123 1267 1152 ventis
1282 1122 1497 1163 praecipitibus,
1507 1129 1538 1151 et
1551 1123 1679 1152 circum·

143 1165 264 1205 cingere
277 1173 344 1194 oras
364 1163 477 1194 telluris
493 1164 692 1194 circumdatae.
737 1164 854 1203 Adjecit
868 1165 959 1193 etiam
975 1165 1180 1203 scaturigines,
1198 1171 1230 1194 et
1250 1172 1330 1194 vasta
1349 1173 1463 1204 stagna,
1479 1170 1511 1192 et
1529 1163 1623 1199 lacus;
1648 1171 1680 1193 et

145 1206 283 1246 repressit
305 1216 408 1236 amnes
428 1205 593 1237 defluentes
608 1207 678 1248 ripis
694 1207 838 1237 sinuosis:
862 1206 913 1246 qui
928 1205 1048 1246 quidem
1067 1206 1186 1237 sedibus
1203 1206 1295 1237 dissiti
1315 1206 1422 1247 partim
1437 1205 1628 1236 absorbentur
1644 1206 1680 1237 ab

145 1248 209 1288 ipsa
219 1248 295 1279 terra
303 1261 313 1286 5

835 1388 978 1421 NOTAE.

185 1475 237 1502 ε26.
262 1470 413 1512 Com-exi]
447 1470 496 1503 Eo
515 1472 635 1502 nomine
649 1472 815 1514 appellatur
831 1482 895 1503 cor-

145 1523 201 1554 pus
216 1515 246 1544 in
262 1513 363 1544 orbem
378 1514 537 1555 figuratum
550 1515 618 1545 cum
631 1515 810 1545 extrinsecus
822 1525 894 1545 con-

144 1555 306 1592 sideratum
331 1556 509 1587 intrinsecus
527 1556 699 1588 Concanum
713 1557 830 1587 dicitur.

186 1596 235 1628 lb.
249 1598 340 1637 Ignea
349 1600 467 1631 convesci
482 1599 539 1638 vis]
553 1597 741 1640 'Periphrasis
749 1606 793 1629 est
801 1597 896 1628 :ethe-

144 1639 184 1670 ris
199 1646 289 1680 atque
306 1641 384 1681 ignis
399 1642 451 1681 qui
469 1651 641 1682 supremum
658 1649 777 1683 propter
791 1641 894 1672 levita-

145 1689 209 1711 tem
223 1682 280 1712 sibi
294 1682 393 1712 locum
409 1683 581 1713 vendicavit.

187 1729 239 1754 28.
261 1723 422 1755 Proximus
436 1729 476 1755 est
491 1725 554 1764 aer]
571 1725 642 1760 Aer,
658 1726 768 1766 inquit,
782 1732 812 1754 et
823 1724 892 1754 levi-

143 1772 205 1795 tate
226 1772 257 1796 et
272 1765 340 1796 loco
358 1767 490 1807 proxime
511 1768 549 1796 ad
568 1767 669 1808 ignem
691 1766 893 1807 aetheremque

143 1807 267 1838 accedit.
282 1805 365 1838 Nam
380 1813 440 1844 aer,
455 1809 479 1838 si
495 1817 594 1845 terrae,
610 1818 730 1849 aquaeve
742 1818 894 1849 compare-

145 1856 205 1886 tur,
220 1848 291 1879 levis
305 1856 364 1885 est;
388 1850 413 1879 si
425 1849 542 1886 aetheri,
553 1850 658 1890 gravis.

187 1888 235 1922 lb.
256 1891 416 1922 Proximus
425 1891 478 1931 est]
492 1892 579 1922 ‚Iovis
590 1892 708 1922 nomine
720 1890 824 1928 aether,
833 1892 893 1922 sive

143 1933 240 2004 Enim
263 1932 394 1963 Jummis
411 1938 460 1963 ae'r
479 1932 677 1971 μυθολογικῶς
699 1933 892 1975 significatur.

174 1981 186 2004 t
196 1975 337 2015 quoniam
352 1975 430 2005 calor
444 1974 494 2005 ille
507 1974 652 2006 aethereus
664 1976 726 2016 agit
739 1976 769 2005 in
782 1981 891 2014 aerem,

142 2016 229 2056 cujus
252 2026 367 2047 summa
384 2027 450 2058 pers
474 2017 511 2047 ad
539 2017 698 2047 aetheream
726 2018 886 2058 puritatem

139 2058 263 2099 propius
277 2058 409 2095 acceditg
433 2057 504 2088 hinc
525 2057 680 2090 Junonem
693 2057 777 2090 Jovis
799 2067 830 2090 et
844 2070 889 2090 so—

137 2109 233 2130 rorem
247 2107 279 2130 et
293 2098 442 2141 conjugem
456 2101 604 2132 dixerunt.

183 2148 238 2175 29.
258 2141 468 2182 Elementaque
473 2143 601 2182 grandia
617 2142 723 2183 travit]
748 2141 818 2173 Hoc
829 2150 890 2180 est,

140 2191 240 2224 partes
253 2184 399 2225 graviores
421 2194 457 2214 ex
476 2184 529 2214 illo
545 2195 649 2217 acervo
667 2195 766 2215 secum
783 2186 886 2215 traxit:

139 2226 168 2256 vi
189 2225 268 2256 enim
294 2226 418 2256 naturali
439 2228 540 2258 omnia·
555 2228 653 2269 gravia
673 2236 704 2258 et
727 2227 889 2269 ponderosa

139 2267 278 2298 deorsum
295 2266 462 2298 trahuntur.

181 2315 235 2340 30.
259 2309 389 2349 Humor]
414 2308 463 2339 De
478 2321 562 2350 aquae
577 2311 726 2343 elemento
746 2311 775 2342 lo
798 2312 887 2341 uitur.

179 2357 233 2382 31.
259 2352 387 2391 Ultima]
415 2350 486 2382 Non
493 2353 566 2382 dixit
576 2353 777 2394 irfima,quod
812 2353 887 2384 hilo-

138 2392 241 2436 sophie
256 2393 363 2424 falsum
378 2393 494 2430 fuissem
526 2404 593 2424 nam
609 2396 772 2435 secundum
785 2405 885 2426 eorum

137 2436 325 2477 opinionem,
340 2444 416 2466 terra
427 2437 597 2477 gravissima
606 2445 635 2467 et
649 2438 680 2467 ’n
692 2447 794 2470 centro
805 2439 886 2479 posi-

136 2485 185 2514 ως
207 2478 287 2519 quod
301 2479 401 2519 aperte
413 2478 523 2508 iudicat
533 2483 633 2519 poeta,
646 2480 715 2510 cum
726 2478 882 2510 humorem

137 2520 212 2552 dicit
226 2521 442 2562 drcwnfluum.
485 2518 541 2550 Per
551 2520 655 2550 ultima
668 2521 760 2561 igitur
771 2521 882 2552 intelli-

137 2563 183 2603 git
207 2562 331 2599 areima,
354 2563 404 2608 qui
436 2572 539 2592 sensus
564 2564 699 2603 congruit
723 2564 858 2605 sequenti
872 2576 880 2599 ς

140 2604 411 2646 --Solidumque
422 2605 545 2636 cob'rmi!
559 2605 663 2636 orbem.

980 1471 1044 1502 32¹
1055 1468 1253 1512 Dispositam]
1271 1467 1328 1499 Per
1342 1468 1505 1498 sectionem
1521 1473 1551 1498 et
1563 1467 1682 1497 divisio-

938 1524 1018 1550 nem,
1034 1514 1150 1543 scilicet.
1173 1511 1245 1542 Non
1261 1511 1356 1542 secuit
1370 1511 1553 1551 dispositam,
1568 1509 1618 1549 sed
1630 1519 1683 1550 per

936 1557 1100 1586 sectionem
1114 1554 1271 1594 disposuit.
1608 1558 1613 1562 ’

981 1596 1027 1628 Ib.
1041 1596 1193 1636 Quisquis]
1218 1594 1321 1625 Innuit
1332 1594 1420 1625 deum
1429 1591 1511 1623 hunc
1523 1600 1683 1623 creatorem

937 1640 1078 1679 majorem
1095 1639 1226 1678 aliquem
1246 1638 1504 1679 potentioremque
1527 1635 1616 1667 fuisse
1635 1635 1681 1672 iis,

937 1683 988 1723 qui
1002 1681 1089 1722 vulgo
1098 1690 1151 1721 pro
1159 1679 1215 1710 diis
1225 1678 1319 1710 habiti
1334 1686 1415 1708 sunt.

978 1729 1029 1754 38.
1055 1721 1238 1762 congeriem]
1263 1720 1314 1751 De
1325 1719 1400 1750 chao
1413 1719 1553 1760 loquitur.

977 1763 1024 1795 Ib.
1046 1763 1197 1802 Membra]
1223 1762 1381 1794 Elementa
1394 1762 1510 1792 scilicet.
1570 1796 1574 1799 .

978 1812 1030 1837 35.
1052 1806 1163 1846 Magni
1172 1804 1362 1844 glomeravit]
1386 1803 1532 1834 Effecitin
1542 1801 1681 1833 similitu-

935 1848 1034 1879 dinem
1059 1849 1159 1889 magni
1179 1847 1261 1889 globi
1282 1854 1313 1876 et
1339 1845 1422 1886 pilae3
1447 1847 1488 1876 ita
1516 1852 1626 1881 tamen,
1650 1853 1682 1875 ut

934 1901 1010 1932 aqua
1021 1889 1108 1920 simul
1119 1899 1185 1919 cum
1201 1889 1277 1919 terra
1291 1895 1434 1918 sumatur.

976 1937 1028 1967 37.
1042 1931 1183 1971 Ambz'toe]
1195 1930 1266 1961 Non
1274 1928 1482 1970 omniquidem
1490 1927 1585 1970 parte,
1591 1928 1680 1958 sicuti

933 1980 998 2006 aere
1013 1974 1202 2015 undiquaque
1224 1981 1300 2003 terra
1321 1971 1408 2003 simul
1431 1980 1461 2002 et
1482 1971 1565 2011 aquis
1585 1971 1678 2010 cingi·

929 2025 989 2053 tur;
1014 2016 1065 2046 sed
1090 2023 1188 2046 tamen
1208 2015 1258 2052 ita,
1274 2022 1307 2044 ut
1330 2015 1362 2044 in
1385 2013 1444 2044 illis
1463 2013 1546 2052 quasi
1572 2011 1679 2042 fluitet.

930 2058 1078 2089 Caeterhm
1096 2057 1282 2098 pleonasmus
1296 2063 1340 2086 est
1359 2056 1390 2086 in
1405 2055 1501 2085 verbis
1514 2055 1632 2084 ambitae
1646 2062 1677 2084 et

930 2101 1118 2137 circumdare,
1131 2099 1295 2139 cujusmodi
1303 2108 1381 2139 saepe
1391 2098 1488 2127 utitur
1498 2095 1591 2126 Naso.

974 2149 1026 2175 39.
1050 2141 1195 2180 obliquis]
1220 2139 1344 2182 Propter
1355 2149 1438 2169 terroe
1447 2139 1608 2168 flexuosam
1623 2147 1676 2167 ne·

931 2195 990 2226 que
1013 2184 1112 2214 versus
1132 2183 1254 2213 eandem
1276 2189 1389 2223 partem
1407 2181 1608 2211 continuatam
1624 2180 1675 2210 de-

931 2227 1109 2261 clivitatem5
1134 2225 1228 2264 quave
1248 2224 1352 2255 fluenti
1373 2233 1457 2263 aquae
1477 2223 1622 2263 serpentis
1645 2223 1676 2252 in

932 2269 1053 2300 modum
1069 2277 1188 2297 necesse
1203 2275 1247 2296 est
1258 2266 1350 2297 flexus
1361 2274 1475 2306 capere.

942 2312 946 2316 '
973 2317 1026 2342 40.
1049 2308 1222 2348 sorbentur]
1246 2307 1350 2338 Talem
1370 2312 1512 2337 memorat
1532 2305 1564 2335 iu
1588 2302 1675 2334 Pelo-

929 2361 1078 2394 ponnesso
1093 2349 1259 2392 Alpheum,
1274 2349 1356 2391 Virg.
1371 2348 1444 2380 AEn.
1459 2353 1490 2378 3.
1531 2345 1613 2376 Talis
1626 2355 1674 2377 est

929 2397 960 2424 in
983 2393 1128 2435 Hispani-⁹2
1149 2394 1282 2423 citeriore
1304 2392 1404 2427 Auas;
1428 2391 1464 2433 in.
1483 2389 1533 2420 tali
1558 2389 1676 2429 naviga·

928 2438 1024 2467 vimus
1046 2443 1146 2465 nostro
1172 2433 1328 2470 Rhodano,
1352 2442 1520 2474 quanquam
1547 2440 1606 2460 non
1632 2432 1675 2460 ita

926 2478 1084 2509 sorbentur
1097 2477 1115 2507 a
1129 2477 1265 2507 terraisti
1276 2476 1369 2511 fluvii,
1388 2475 1461 2515 quin
1475 2481 1541 2515 post
1555 2472 1679 2512 aliquod·

925 2521 1054 2561 spatium
1070 2526 1270 2554 renascantur.
1288 2526 1317 2548 et
1332 2525 1434 2558 aperto
1447 2516 1529 2546 alveo
1546 2515 1576 2544 in
1594 2524 1671 2545 mar».-

924 2571 1085 2593 recurrant.
