<?xml version="1.0" encoding="UTF-8"?>
<!DOCTYPE html PUBLIC "-//W3C//DTD XHTML 1.0 Transitional//EN"
    "http://www.w3.org/TR/xhtml1/DTD/xhtml1-transitional.dtd">
<html xmlns="http://www.w3.org/1999/xhtml" xml:lang="en" lang="en">
 <head>
  <title>
</title>
<meta http-equiv="Content-Type" content="text/html;charset=utf-8" />
  <meta name='ocr-system' content='tesseract 3.04.00' />
  <meta name='ocr-capabilities' content='ocr_page ocr_carea ocr_par ocr_line ocrx_word'/>
</head>
<body>
  <div class='ocr_page' id='page_1' title='image "./metamorphose12ed00oviduoft/metamorphose12ed00oviduoft_0335.png"; bbox 0 0 1824 2991; ppageno 0'>
   <div class='ocr_carea' id='block_1_1' title="bbox 619 112 1229 158">
    <p class='ocr_par' dir='ltr' id='par_1_1' title="bbox 619 112 1229 158">
     <span class='ocr_line' id='line_1_1' title="bbox 619 112 1229 158; baseline -0.007 0"><span class='ocrx_word' id='word_1_1' title='bbox 619 113 1018 158; x_wconf 87' lang='lat' dir='ltr'><strong>METAMORPH.</strong></span> <span class='ocrx_word' id='word_1_2' title='bbox 1057 114 1155 155; x_wconf 78' lang='lat' dir='ltr'>Lm.</span> <span class='ocrx_word' id='word_1_3' title='bbox 1169 112 1229 154; x_wconf 91' lang='lat' dir='ltr'>X.</span> 
     </span>
    </p>
   </div>
   <div class='ocr_carea' id='block_1_2' title="bbox 153 201 1262 248">
    <p class='ocr_par' dir='ltr' id='par_1_2' title="bbox 153 201 1262 248">
     <span class='ocr_line' id='line_1_2' title="bbox 153 201 1262 248; baseline -0.005 0"><span class='ocrx_word' id='word_1_4' title='bbox 153 205 250 248; x_wconf 89' lang='lat' dir='ltr'>Non</span> <span class='ocrx_word' id='word_1_5' title='bbox 269 205 361 246; x_wconf 73' lang='lat' dir='ltr'>satis</span> <span class='ocrx_word' id='word_1_6' title='bbox 375 202 454 245; x_wconf 90' lang='lat' dir='ltr'>hoc</span> <span class='ocrx_word' id='word_1_7' title='bbox 474 203 634 246; x_wconf 87' lang='lat' dir='ltr'>Phoebo</span> <span class='ocrx_word' id='word_1_8' title='bbox 648 212 730 248; x_wconf 86' lang='lat' dir='ltr'>est:</span> <span class='ocrx_word' id='word_1_9' title='bbox 762 204 795 246; x_wconf 89' lang='lat' dir='ltr'>is</span> <span class='ocrx_word' id='word_1_10' title='bbox 811 204 921 246; x_wconf 91' lang='lat' dir='ltr'>enim</span> <span class='ocrx_word' id='word_1_11' title='bbox 943 203 1020 245; x_wconf 83' lang='lat' dir='ltr'>fuit</span> <span class='ocrx_word' id='word_1_12' title='bbox 1032 210 1172 244; x_wconf 87' lang='lat' dir='ltr'>auctor</span> <span class='ocrx_word' id='word_1_13' title='bbox 1189 201 1262 242; x_wconf 93' lang='lat' dir='ltr'>ho-</span> 
     </span>
    </p>
   </div>
   <div class='ocr_carea' id='block_1_3' title="bbox 380 260 501 302">
    <p class='ocr_par' dir='ltr' id='par_1_3' title="bbox 380 260 501 302">
     <span class='ocr_line' id='line_1_3' title="bbox 380 260 501 302; baseline 0.008 -1"><span class='ocrx_word' id='word_1_14' title='bbox 380 260 501 302; x_wconf 87' lang='lat' dir='ltr'>noris.</span> 
     </span>
    </p>
   </div>
   <div class='ocr_carea' id='block_1_4' title="bbox 151 307 1094 372">
    <p class='ocr_par' dir='ltr' id='par_1_4' title="bbox 151 307 1094 372">
     <span class='ocr_line' id='line_1_4' title="bbox 151 307 1094 372; baseline -0.003 -13"><span class='ocrx_word' id='word_1_15' title='bbox 151 317 243 372; x_wconf 82' lang='lat' dir='ltr'>Ipse</span> <span class='ocrx_word' id='word_1_16' title='bbox 257 307 350 358; x_wconf 79' lang='lat' dir='ltr'>suos</span> <span class='ocrx_word' id='word_1_17' title='bbox 368 317 544 371; x_wconf 85' lang='lat' dir='ltr'>gemitus</span> <span class='ocrx_word' id='word_1_18' title='bbox 564 318 669 359; x_wconf 89' lang='lat' dir='ltr'>foliis</span> <span class='ocrx_word' id='word_1_19' title='bbox 685 317 891 369; x_wconf 82' lang='lat' dir='ltr'>inscribit3</span> <span class='ocrx_word' id='word_1_20' title='bbox 911 324 952 358; x_wconf 89' lang='lat' dir='ltr'>et</span> <span class='ocrx_word' id='word_1_21' title='bbox 971 317 1022 366; x_wconf 88' lang='lat' dir='ltr'>ai,</span> <span class='ocrx_word' id='word_1_22' title='bbox 1043 315 1094 366; x_wconf 87' lang='lat' dir='ltr'>ai,</span> 
     </span>
    </p>
   </div>
   <div class='ocr_carea' id='block_1_5' title="bbox 1598 112 1681 164">
    <p class='ocr_par' dir='ltr' id='par_1_5' title="bbox 1598 112 1681 164">
     <span class='ocr_line' id='line_1_5' title="bbox 1598 112 1681 164; baseline 0.024 -15"><span class='ocrx_word' id='word_1_23' title='bbox 1598 112 1681 164; x_wconf 62' lang='lat'>293</span> 
     </span>
    </p>
   </div>
   <div class='ocr_carea' id='block_1_6' title="bbox 1179 198 1683 367">
    <p class='ocr_par' dir='ltr' id='par_1_6' title="bbox 1179 198 1683 367">
     <span class='ocr_line' id='line_1_6' title="bbox 1281 198 1681 240; baseline 0 -11"><span class='ocrx_word' id='word_1_24' title='bbox 1281 198 1354 230; x_wconf 88' lang='lat' dir='ltr'>Non</span> <span class='ocrx_word' id='word_1_25' title='bbox 1366 200 1437 231; x_wconf 78' lang='lat' dir='ltr'>satis</span> <span class='ocrx_word' id='word_1_26' title='bbox 1449 207 1490 230; x_wconf 81' lang='lat' dir='ltr'>est</span> <span class='ocrx_word' id='word_1_27' title='bbox 1498 198 1576 230; x_wconf 71' lang='lat' dir='ltr'>istud</span> <span class='ocrx_word' id='word_1_28' title='bbox 1587 198 1681 240; x_wconf 80' lang='lat' dir='ltr'>Apol-</span> 
     </span>
     <span class='ocr_line' id='line_1_7' title="bbox 1281 241 1682 283; baseline -0.002 -12"><span class='ocrx_word' id='word_1_29' title='bbox 1281 241 1333 271; x_wconf 87' lang='lat' dir='ltr'>lini</span> <span class='ocrx_word' id='word_1_30' title='bbox 1344 253 1350 270; x_wconf 90' lang='lat'>:</span> <span class='ocrx_word' id='word_1_31' title='bbox 1365 253 1490 283; x_wconf 88' lang='lat' dir='ltr'>namque</span> <span class='ocrx_word' id='word_1_32' title='bbox 1500 243 1523 272; x_wconf 78' lang='lat' dir='ltr'>is</span> <span class='ocrx_word' id='word_1_33' title='bbox 1530 241 1587 272; x_wconf 84' lang='lat' dir='ltr'>fuit</span> <span class='ocrx_word' id='word_1_34' title='bbox 1596 251 1682 271; x_wconf 80' lang='lat' dir='ltr'>causa</span> 
     </span>
     <span class='ocr_line' id='line_1_8' title="bbox 1279 282 1683 324; baseline 0 -11"><span class='ocrx_word' id='word_1_35' title='bbox 1279 282 1410 314; x_wconf 85' lang='lat' dir='ltr'>honoris.</span> <span class='ocrx_word' id='word_1_36' title='bbox 1455 283 1522 324; x_wconf 85' lang='lat' dir='ltr'>lpse</span> <span class='ocrx_word' id='word_1_37' title='bbox 1548 283 1683 314; x_wconf 79' lang='lat' dir='ltr'>inscribit</span> 
     </span>
     <span class='ocr_line' id='line_1_9' title="bbox 1179 317 1683 367; baseline 0.002 -13"><span class='ocrx_word' id='word_1_38' title='bbox 1179 317 1261 354; x_wconf 73' lang='lat'>215</span> <span class='ocrx_word' id='word_1_39' title='bbox 1279 336 1347 356; x_wconf 89' lang='lat' dir='ltr'>suos</span> <span class='ocrx_word' id='word_1_40' title='bbox 1353 327 1482 367; x_wconf 83' lang='lat' dir='ltr'>gemitus</span> <span class='ocrx_word' id='word_1_41' title='bbox 1490 325 1577 362; x_wconf 79' lang='lat' dir='ltr'>foliis,</span> <span class='ocrx_word' id='word_1_42' title='bbox 1591 333 1622 355; x_wconf 84' lang='lat' dir='ltr'>et</span> <span class='ocrx_word' id='word_1_43' title='bbox 1629 324 1683 355; x_wconf 71' lang='lat' dir='ltr'>flos</span> 
     </span>
    </p>
   </div>
   <div class='ocr_carea' id='block_1_7' title="bbox 151 367 1684 430">
    <p class='ocr_par' dir='ltr' id='par_1_7' title="bbox 151 367 1684 430">
     <span class='ocr_line' id='line_1_10' title="bbox 151 367 1684 430; baseline -0.005 -15"><span class='ocrx_word' id='word_1_44' title='bbox 151 373 246 415; x_wconf 91' lang='lat' dir='ltr'>Flos</span> <span class='ocrx_word' id='word_1_45' title='bbox 263 373 382 414; x_wconf 88' lang='lat' dir='ltr'>habet</span> <span class='ocrx_word' id='word_1_46' title='bbox 396 374 655 429; x_wconf 86' lang='lat' dir='ltr'>inscriptum:</span> <span class='ocrx_word' id='word_1_47' title='bbox 669 376 904 430; x_wconf 87' lang='lat' dir='ltr'>funestaque</span> <span class='ocrx_word' id='word_1_48' title='bbox 918 373 1180 414; x_wconf 80' lang='lat' dir='ltr'>litteraducta</span> <span class='ocrx_word' id='word_1_49' title='bbox 1192 378 1264 411; x_wconf 91' lang='lat' dir='ltr'>est.</span> <span class='ocrx_word' id='word_1_50' title='bbox 1281 367 1370 398; x_wconf 74' lang='lat' dir='ltr'>habet</span> <span class='ocrx_word' id='word_1_51' title='bbox 1382 368 1554 408; x_wconf 72' lang='lat' dir='ltr'>inscriptum</span> <span class='ocrx_word' id='word_1_52' title='bbox 1561 368 1684 405; x_wconf 74' lang='lat' dir='ltr'>ai,a·1,et</span> 
     </span>
    </p>
   </div>
   <div class='ocr_carea' id='block_1_8' title="bbox 1281 409 1682 440">
    <p class='ocr_par' dir='ltr' id='par_1_8' title="bbox 1281 409 1682 440">
     <span class='ocr_line' id='line_1_11' title="bbox 1281 409 1682 440; baseline -0.002 0"><span class='ocrx_word' id='word_1_53' title='bbox 1281 411 1371 440; x_wconf 87' lang='lat' dir='ltr'>tristis</span> <span class='ocrx_word' id='word_1_54' title='bbox 1384 409 1479 440; x_wconf 86' lang='lat' dir='ltr'>littera</span> <span class='ocrx_word' id='word_1_55' title='bbox 1494 418 1610 440; x_wconf 87' lang='lat' dir='ltr'>exarata</span> <span class='ocrx_word' id='word_1_56' title='bbox 1624 416 1682 439; x_wconf 85' lang='lat' dir='ltr'>est.</span> 
     </span>
    </p>
   </div>
   <div class='ocr_carea' id='block_1_9' title="bbox 151 429 1686 542">
    <p class='ocr_par' dir='ltr' id='par_1_9' title="bbox 151 429 1686 542">
     <span class='ocr_line' id='line_1_12' title="bbox 151 429 1685 492; baseline -0.004 -21"><span class='ocrx_word' id='word_1_57' title='bbox 151 429 244 471; x_wconf 90' lang='lat' dir='ltr'>Nee</span> <span class='ocrx_word' id='word_1_58' title='bbox 250 430 435 484; x_wconf 87' lang='lat' dir='ltr'>genuisse</span> <span class='ocrx_word' id='word_1_59' title='bbox 444 431 567 485; x_wconf 88' lang='lat' dir='ltr'>pudet</span> <span class='ocrx_word' id='word_1_60' title='bbox 578 431 748 485; x_wconf 84' lang='lat' dir='ltr'>Sparten</span> <span class='ocrx_word' id='word_1_61' title='bbox 761 429 1265 485; x_wconf 84' lang='lat' dir='ltr'>Hyacinthon3honorque</span> <span class='ocrx_word' id='word_1_62' title='bbox 1283 450 1391 492; x_wconf 80' lang='lat' dir='ltr'>Neque</span> <span class='ocrx_word' id='word_1_63' title='bbox 1425 450 1553 492; x_wconf 78' lang='lat' dir='ltr'>Sparten</span> <span class='ocrx_word' id='word_1_64' title='bbox 1591 451 1685 492; x_wconf 79' lang='lat' dir='ltr'>pudet</span> 
     </span>
     <span class='ocr_line' id='line_1_13' title="bbox 151 485 1686 542; baseline -0.003 -15"><span class='ocrx_word' id='word_1_65' title='bbox 151 485 283 527; x_wconf 90' lang='lat' dir='ltr'>Durat</span> <span class='ocrx_word' id='word_1_66' title='bbox 301 487 342 527; x_wconf 90' lang='lat' dir='ltr'>in</span> <span class='ocrx_word' id='word_1_67' title='bbox 360 487 436 527; x_wconf 88' lang='lat' dir='ltr'>hoc</span> <span class='ocrx_word' id='word_1_68' title='bbox 454 487 529 528; x_wconf 85' lang='lat' dir='ltr'>aevi</span> <span class='ocrx_word' id='word_1_69' title='bbox 548 503 558 529; x_wconf 71' lang='grc' dir='ltr'>ε</span> <span class='ocrx_word' id='word_1_70' title='bbox 590 488 911 542; x_wconf 85' lang='lat' dir='ltr'>celebrandaque</span> <span class='ocrx_word' id='word_1_71' title='bbox 931 499 1044 527; x_wconf 89' lang='lat' dir='ltr'>more</span> <span class='ocrx_word' id='word_1_72' title='bbox 1064 485 1243 540; x_wconf 85' lang='lat' dir='ltr'>priorum</span> <span class='ocrx_word' id='word_1_73' title='bbox 1280 494 1383 524; x_wconf 77' lang='lat' dir='ltr'>mnsse</span> <span class='ocrx_word' id='word_1_74' title='bbox 1416 492 1606 534; x_wconf 74' lang='lat' dir='ltr'>Hyacinthon</span> <span class='ocrx_word' id='word_1_75' title='bbox 1614 506 1622 529; x_wconf 82' lang='lat'>;</span> <span class='ocrx_word' id='word_1_76' title='bbox 1655 500 1686 522; x_wconf 76' lang='lat' dir='ltr'>et</span> 
     </span>
    </p>
   </div>
   <div class='ocr_carea' id='block_1_10' title="bbox 152 544 1124 600">
    <p class='ocr_par' dir='ltr' id='par_1_10' title="bbox 152 544 1124 600">
     <span class='ocr_line' id='line_1_14' title="bbox 152 544 1124 600; baseline -0.001 -17"><span class='ocrx_word' id='word_1_77' title='bbox 152 544 303 584; x_wconf 91' lang='lat' dir='ltr'>Annua</span> <span class='ocrx_word' id='word_1_78' title='bbox 323 545 486 597; x_wconf 69' lang='lat' dir='ltr'>praelata</span> <span class='ocrx_word' id='word_1_79' title='bbox 502 544 670 586; x_wconf 88' lang='lat' dir='ltr'>redeunt</span> <span class='ocrx_word' id='word_1_80' title='bbox 694 544 943 600; x_wconf 85' lang='lat' dir='ltr'>Hyacinthia</span> <span class='ocrx_word' id='word_1_81' title='bbox 961 545 1124 597; x_wconf 68' lang='lat' dir='ltr'>pomp-21.</span> 
     </span>
    </p>
   </div>
   <div class='ocr_carea' id='block_1_11' title="bbox 1281 535 1688 618">
    <p class='ocr_par' dir='ltr' id='par_1_11' title="bbox 1281 535 1688 618">
     <span class='ocr_line' id='line_1_15' title="bbox 1281 535 1686 576; baseline -0.005 -10"><span class='ocrx_word' id='word_1_82' title='bbox 1281 536 1373 572; x_wconf 62' lang='lat' dir='ltr'>gloria</span> <span class='ocrx_word' id='word_1_83' title='bbox 1395 544 1506 576; x_wconf 87' lang='lat' dir='ltr'>perstat</span> <span class='ocrx_word' id='word_1_84' title='bbox 1528 545 1622 576; x_wconf 86' lang='lat' dir='ltr'>usque</span> <span class='ocrx_word' id='word_1_85' title='bbox 1649 535 1686 564; x_wconf 88' lang='lat' dir='ltr'>ad</span> 
     </span>
     <span class='ocr_line' id='line_1_16' title="bbox 1283 573 1688 618; baseline -0.005 -10"><span class='ocrx_word' id='word_1_86' title='bbox 1283 573 1342 608; x_wconf 71' lang='lat' dir='ltr'>hoc</span> <span class='ocrx_word' id='word_1_87' title='bbox 1357 586 1490 618; x_wconf 85' lang='lat' dir='ltr'>tempus:</span> <span class='ocrx_word' id='word_1_88' title='bbox 1505 585 1594 618; x_wconf 90' lang='lat' dir='ltr'>atque</span> <span class='ocrx_word' id='word_1_89' title='bbox 1607 575 1688 617; x_wconf 84' lang='lat' dir='ltr'>Hya-</span> 
     </span>
    </p>
   </div>
   <div class='ocr_carea' id='block_1_12' title="bbox 210 597 1686 656">
    <p class='ocr_par' dir='ltr' id='par_1_12' title="bbox 210 597 1686 656">
     <span class='ocr_line' id='line_1_17' title="bbox 210 597 1686 656; baseline -0.003 -16"><span class='ocrx_word' id='word_1_90' title='bbox 210 598 285 641; x_wconf 91' lang='lat' dir='ltr'>VI.</span> <span class='ocrx_word' id='word_1_91' title='bbox 323 600 380 641; x_wconf 88' lang='lat' dir='ltr'>At</span> <span class='ocrx_word' id='word_1_92' title='bbox 411 601 445 641; x_wconf 90' lang='lat' dir='ltr'>si</span> <span class='ocrx_word' id='word_1_93' title='bbox 476 602 574 642; x_wconf 76' lang='lat' dir='ltr'>forte</span> <span class='ocrx_word' id='word_1_94' title='bbox 606 616 719 655; x_wconf 84' lang='lat' dir='ltr'>roges</span> <span class='ocrx_word' id='word_1_95' title='bbox 749 600 985 642; x_wconf 84' lang='lat' dir='ltr'>foecundam</span> <span class='ocrx_word' id='word_1_96' title='bbox 1015 597 1269 640; x_wconf 81' lang='lat' dir='ltr'><strong>Amathunta</strong></span> <span class='ocrx_word' id='word_1_97' title='bbox 1287 619 1398 650; x_wconf 48' lang='lat' dir='ltr'>cimbia</span> <span class='ocrx_word' id='word_1_98' title='bbox 1412 630 1521 656; x_wconf 82' lang='lat' dir='ltr'>annua,</span> <span class='ocrx_word' id='word_1_99' title='bbox 1537 619 1686 649; x_wconf 81' lang='lat' dir='ltr'>celebran-</span> 
     </span>
    </p>
   </div>
   <div class='ocr_carea' id='block_1_13' title="bbox 386 659 554 708">
    <p class='ocr_par' dir='ltr' id='par_1_13' title="bbox 386 659 554 708">
     <span class='ocr_line' id='line_1_18' title="bbox 386 659 554 708; baseline 0 -11"><span class='ocrx_word' id='word_1_100' title='bbox 386 659 554 708; x_wconf 83' lang='lat' dir='ltr'>metalli,</span> 
     </span>
    </p>
   </div>
   <div class='ocr_carea' id='block_1_14' title="bbox 152 713 1153 770">
    <p class='ocr_par' dir='ltr' id='par_1_14' title="bbox 152 713 1153 770">
     <span class='ocr_line' id='line_1_19' title="bbox 152 713 1153 770; baseline -0.001 -15"><span class='ocrx_word' id='word_1_101' title='bbox 152 715 219 755; x_wconf 88' lang='lat' dir='ltr'>An</span> <span class='ocrx_word' id='word_1_102' title='bbox 236 713 422 767; x_wconf 87' lang='lat' dir='ltr'>genuisse</span> <span class='ocrx_word' id='word_1_103' title='bbox 442 714 537 755; x_wconf 81' lang='lat' dir='ltr'>velit</span> <span class='ocrx_word' id='word_1_104' title='bbox 553 714 828 770; x_wconf 85' lang='lat' dir='ltr'>Propoetidas3</span> <span class='ocrx_word' id='word_1_105' title='bbox 854 715 1005 755; x_wconf 85' lang='lat' dir='ltr'>abnuat</span> <span class='ocrx_word' id='word_1_106' title='bbox 1024 715 1153 769; x_wconf 74' lang='lat' dir='ltr'>aeque,</span> 
     </span>
    </p>
   </div>
   <div class='ocr_carea' id='block_1_15' title="bbox 1183 658 1691 786">
    <p class='ocr_par' dir='ltr' id='par_1_15' title="bbox 1183 658 1691 786">
     <span class='ocr_line' id='line_1_20' title="bbox 1183 658 1688 698; baseline -0.01 -3"><span class='ocrx_word' id='word_1_107' title='bbox 1183 658 1271 695; x_wconf 77' lang='lat'>220</span> <span class='ocrx_word' id='word_1_108' title='bbox 1287 663 1324 692; x_wconf 85' lang='lat' dir='ltr'>da</span> <span class='ocrx_word' id='word_1_109' title='bbox 1342 663 1404 692; x_wconf 86' lang='lat' dir='ltr'>ritu</span> <span class='ocrx_word' id='word_1_110' title='bbox 1421 669 1564 698; x_wconf 82' lang='lat' dir='ltr'>veterum,</span> <span class='ocrx_word' id='word_1_111' title='bbox 1590 671 1688 691; x_wconf 84' lang='lat' dir='ltr'>recur-</span> 
     </span>
     <span class='ocr_line' id='line_1_21' title="bbox 1287 704 1687 745; baseline -0.005 -10"><span class='ocrx_word' id='word_1_112' title='bbox 1287 712 1357 735; x_wconf 86' lang='lat' dir='ltr'>runt</span> <span class='ocrx_word' id='word_1_113' title='bbox 1393 705 1555 741; x_wconf 82' lang='lat' dir='ltr'>raecedente</span> <span class='ocrx_word' id='word_1_114' title='bbox 1566 704 1687 745; x_wconf 67' lang='lat' dir='ltr'>pompa.</span> 
     </span>
     <span class='ocr_line' id='line_1_22' title="bbox 1329 745 1691 786; baseline -0.006 -10"><span class='ocrx_word' id='word_1_115' title='bbox 1329 745 1357 776; x_wconf 91' lang='lat' dir='ltr'>V</span> <span class='ocrx_word' id='word_1_116' title='bbox 1378 770 1386 778; x_wconf 92' lang='lat'><strong>.</strong></span> <span class='ocrx_word' id='word_1_117' title='bbox 1407 745 1451 776; x_wconf 80' lang='lat' dir='ltr'>At</span> <span class='ocrx_word' id='word_1_118' title='bbox 1466 747 1490 776; x_wconf 82' lang='lat' dir='ltr'>si</span> <span class='ocrx_word' id='word_1_119' title='bbox 1501 745 1576 776; x_wconf 70' lang='lat' dir='ltr'>forte</span> <span class='ocrx_word' id='word_1_120' title='bbox 1588 747 1691 786; x_wconf 81' lang='lat' dir='ltr'>exqui-</span> 
     </span>
    </p>
   </div>
   <div class='ocr_carea' id='block_1_16' title="bbox 152 771 1692 836">
    <p class='ocr_par' dir='ltr' id='par_1_16' title="bbox 152 771 1692 836">
     <span class='ocr_line' id='line_1_23' title="bbox 152 771 1692 836; baseline -0.002 -25"><span class='ocrx_word' id='word_1_121' title='bbox 152 771 289 825; x_wconf 88' lang='lat' dir='ltr'>Atque</span> <span class='ocrx_word' id='word_1_122' title='bbox 305 772 407 821; x_wconf 78' lang='lat' dir='ltr'>illos,</span> <span class='ocrx_word' id='word_1_123' title='bbox 426 771 593 824; x_wconf 86' lang='lat' dir='ltr'>gemino</span> <span class='ocrx_word' id='word_1_124' title='bbox 602 772 817 836; x_wconf 31' lang='lat' dir='ltr'>‘quondam</span> <span class='ocrx_word' id='word_1_125' title='bbox 837 771 980 827; x_wconf 90' lang='lat' dir='ltr'>quibus</span> <span class='ocrx_word' id='word_1_126' title='bbox 993 785 1131 825; x_wconf 85' lang='lat' dir='ltr'>aspera</span> <span class='ocrx_word' id='word_1_127' title='bbox 1145 782 1270 810; x_wconf 88' lang='lat' dir='ltr'>cornu</span> <span class='ocrx_word' id='word_1_128' title='bbox 1287 799 1332 818; x_wconf 65' lang='lat' dir='ltr'>m,</span> <span class='ocrx_word' id='word_1_129' title='bbox 1343 789 1380 820; x_wconf 83' lang='lat' dir='ltr'>ab</span> <span class='ocrx_word' id='word_1_130' title='bbox 1388 787 1575 818; x_wconf 62' lang='lat' dir='ltr'>Amathunta</span> <span class='ocrx_word' id='word_1_131' title='bbox 1587 786 1692 817; x_wconf 58' lang='lat' dir='ltr'>memb.</span> 
     </span>
    </p>
   </div>
   <div class='ocr_carea' id='block_1_17' title="bbox 154 827 1274 1277">
    <p class='ocr_par' dir='ltr' id='par_1_17' title="bbox 154 827 1274 1277">
     <span class='ocr_line' id='line_1_24' title="bbox 154 827 1234 877; baseline 0 -10"><span class='ocrx_word' id='word_1_132' title='bbox 154 827 281 868; x_wconf 88' lang='lat' dir='ltr'>Frons</span> <span class='ocrx_word' id='word_1_133' title='bbox 301 836 410 877; x_wconf 81' lang='lat' dir='ltr'>erat3</span> <span class='ocrx_word' id='word_1_134' title='bbox 430 827 539 867; x_wconf 86' lang='lat' dir='ltr'>unde</span> <span class='ocrx_word' id='word_1_135' title='bbox 559 836 681 868; x_wconf 81' lang='lat' dir='ltr'>etiam</span> <span class='ocrx_word' id='word_1_136' title='bbox 704 842 852 868; x_wconf 82' lang='lat' dir='ltr'>nomen</span> <span class='ocrx_word' id='word_1_137' title='bbox 872 831 1026 868; x_wconf 73' lang='lat' dir='ltr'>traxere</span> <span class='ocrx_word' id='word_1_138' title='bbox 1047 827 1234 868; x_wconf 75' lang='lat' dir='ltr'>Cerastae.</span> 
     </span>
     <span class='ocr_line' id='line_1_25' title="bbox 158 883 1118 939; baseline 0 -15"><span class='ocrx_word' id='word_1_139' title='bbox 158 885 267 924; x_wconf 89' lang='lat' dir='ltr'>Ante</span> <span class='ocrx_word' id='word_1_140' title='bbox 289 886 391 924; x_wconf 85' lang='lat' dir='ltr'>fores</span> <span class='ocrx_word' id='word_1_141' title='bbox 411 884 555 924; x_wconf 86' lang='lat' dir='ltr'>horum</span> <span class='ocrx_word' id='word_1_142' title='bbox 577 883 832 938; x_wconf 72' lang='lat' dir='ltr'>stabatJovis</span> <span class='ocrx_word' id='word_1_143' title='bbox 852 884 1019 939; x_wconf 88' lang='lat' dir='ltr'>hospitis</span> <span class='ocrx_word' id='word_1_144' title='bbox 1039 898 1118 934; x_wconf 85' lang='lat' dir='ltr'>ara,</span> 
     </span>
     <span class='ocr_line' id='line_1_26' title="bbox 160 939 1268 995; baseline 0 -15"><span class='ocrx_word' id='word_1_145' title='bbox 160 939 364 995; x_wconf 84' lang='lat' dir='ltr'>Lugubris</span> <span class='ocrx_word' id='word_1_146' title='bbox 378 941 536 980; x_wconf 82' lang='lat' dir='ltr'>sceleris</span> <span class='ocrx_word' id='word_1_147' title='bbox 553 957 563 981; x_wconf 73' lang='lat' dir='ltr'>t</span> <span class='ocrx_word' id='word_1_148' title='bbox 593 955 716 995; x_wconf 87' lang='lat' dir='ltr'>quam</span> <span class='ocrx_word' id='word_1_149' title='bbox 737 941 769 980; x_wconf 88' lang='lat' dir='ltr'>si</span> <span class='ocrx_word' id='word_1_150' title='bbox 786 941 874 995; x_wconf 90' lang='lat' dir='ltr'>quis</span> <span class='ocrx_word' id='word_1_151' title='bbox 887 940 1083 994; x_wconf 83' lang='lat' dir='ltr'>sanguine</span> <span class='ocrx_word' id='word_1_152' title='bbox 1099 940 1268 980; x_wconf 85' lang='lat' dir='ltr'>tinctam</span> 
     </span>
     <span class='ocr_line' id='line_1_27' title="bbox 159 996 1033 1047; baseline -0.001 -9"><span class='ocrx_word' id='word_1_153' title='bbox 159 996 329 1038; x_wconf 87' lang='lat' dir='ltr'>Advena</span> <span class='ocrx_word' id='word_1_154' title='bbox 348 997 523 1047; x_wconf 80' lang='lat' dir='ltr'>vidisset,</span> <span class='ocrx_word' id='word_1_155' title='bbox 539 1005 732 1037; x_wconf 82' lang='lat' dir='ltr'>mactatos</span> <span class='ocrx_word' id='word_1_156' title='bbox 754 997 931 1037; x_wconf 88' lang='lat' dir='ltr'>crederet</span> <span class='ocrx_word' id='word_1_157' title='bbox 947 997 1033 1037; x_wconf 81' lang='lat' dir='ltr'>illie</span> 
     </span>
     <span class='ocr_line' id='line_1_28' title="bbox 160 1053 1154 1103; baseline 0.002 -10"><span class='ocrx_word' id='word_1_158' title='bbox 160 1053 378 1094; x_wconf 84' lang='lat' dir='ltr'>Lactentes</span> <span class='ocrx_word' id='word_1_159' title='bbox 397 1053 556 1103; x_wconf 86' lang='lat' dir='ltr'>vitulos,</span> <span class='ocrx_word' id='word_1_160' title='bbox 578 1053 930 1094; x_wconf 86' lang='lat' dir='ltr'>Amathusiacasve</span> <span class='ocrx_word' id='word_1_161' title='bbox 950 1053 1154 1095; x_wconf 87' lang='lat' dir='ltr'>bidentes:</span> 
     </span>
     <span class='ocr_line' id='line_1_29' title="bbox 161 1109 1150 1164; baseline -0.001 -14"><span class='ocrx_word' id='word_1_162' title='bbox 161 1109 322 1164; x_wconf 90' lang='lat' dir='ltr'>Hospes</span> <span class='ocrx_word' id='word_1_163' title='bbox 341 1118 426 1150; x_wconf 87' lang='lat' dir='ltr'>erat</span> <span class='ocrx_word' id='word_1_164' title='bbox 445 1123 581 1158; x_wconf 87' lang='lat' dir='ltr'>caesus.</span> <span class='ocrx_word' id='word_1_165' title='bbox 632 1110 765 1150; x_wconf 66' lang='lat' dir='ltr'>sactis</span> <span class='ocrx_word' id='word_1_166' title='bbox 784 1109 938 1150; x_wconf 82' lang='lat' dir='ltr'>offensa</span> <span class='ocrx_word' id='word_1_167' title='bbox 954 1109 1150 1160; x_wconf 83' lang='lat' dir='ltr'>nefandis,</span> 
     </span>
     <span class='ocr_line' id='line_1_30' title="bbox 160 1165 1094 1220; baseline 0 -14"><span class='ocrx_word' id='word_1_168' title='bbox 160 1165 252 1220; x_wconf 86' lang='lat' dir='ltr'>Ipsa</span> <span class='ocrx_word' id='word_1_169' title='bbox 270 1170 360 1206; x_wconf 80' lang='lat' dir='ltr'>suas</span> <span class='ocrx_word' id='word_1_170' title='bbox 381 1167 510 1216; x_wconf 82' lang='lat' dir='ltr'>urbes,</span> <span class='ocrx_word' id='word_1_171' title='bbox 531 1166 811 1220; x_wconf 88' lang='lat' dir='ltr'>Ophiusiaque</span> <span class='ocrx_word' id='word_1_172' title='bbox 826 1180 918 1206; x_wconf 87' lang='lat' dir='ltr'>arva</span> <span class='ocrx_word' id='word_1_173' title='bbox 930 1167 1094 1220; x_wconf 86' lang='lat' dir='ltr'>parabat</span> 
     </span>
     <span class='ocr_line' id='line_1_31' title="bbox 708 1222 1274 1277; baseline 0 -15"><span class='ocrx_word' id='word_1_174' title='bbox 708 1222 790 1263; x_wconf 92' lang='lat' dir='ltr'>Sed</span> <span class='ocrx_word' id='word_1_175' title='bbox 809 1222 906 1277; x_wconf 91' lang='lat' dir='ltr'>quid</span> <span class='ocrx_word' id='word_1_176' title='bbox 931 1225 1021 1263; x_wconf 89' lang='lat' dir='ltr'>loca</span> <span class='ocrx_word' id='word_1_177' title='bbox 1039 1229 1164 1277; x_wconf 83' lang='lat' dir='ltr'>grata,</span> <span class='ocrx_word' id='word_1_178' title='bbox 1176 1222 1274 1277; x_wconf 91' lang='lat' dir='ltr'>quid</span> 
     </span>
    </p>
   </div>
   <div class='ocr_carea' id='block_1_18' title="bbox 159 1219 649 1320">
    <p class='ocr_par' dir='ltr' id='par_1_18' title="bbox 159 1219 649 1320">
     <span class='ocr_line' id='line_1_32' title="bbox 159 1219 649 1264; baseline 0 0"><span class='ocrx_word' id='word_1_179' title='bbox 159 1219 357 1264; x_wconf 85' lang='lat' dir='ltr'>Deserere</span> <span class='ocrx_word' id='word_1_180' title='bbox 372 1223 480 1263; x_wconf 87' lang='lat' dir='ltr'>alma</span> <span class='ocrx_word' id='word_1_181' title='bbox 499 1222 649 1264; x_wconf 87' lang='lat' dir='ltr'>Venus.</span> 
     </span>
     <span class='ocr_line' id='line_1_33' title="bbox 384 1280 502 1320; baseline -0.008 0"><span class='ocrx_word' id='word_1_182' title='bbox 384 1280 502 1320; x_wconf 76' lang='lat' dir='ltr'>urbes</span> 
     </span>
    </p>
   </div>
   <div class='ocr_carea' id='block_1_19' title="bbox 159 1336 1158 1448">
    <p class='ocr_par' dir='ltr' id='par_1_19' title="bbox 159 1336 1158 1448">
     <span class='ocr_line' id='line_1_34' title="bbox 159 1336 1158 1392; baseline 0 -14"><span class='ocrx_word' id='word_1_183' title='bbox 159 1336 382 1378; x_wconf 69' lang='lat' dir='ltr'>peccavere</span> <span class='ocrx_word' id='word_1_184' title='bbox 399 1337 527 1377; x_wconf 86' lang='lat' dir='ltr'>meae?</span> <span class='ocrx_word' id='word_1_185' title='bbox 546 1337 653 1392; x_wconf 92' lang='lat' dir='ltr'>quod</span> <span class='ocrx_word' id='word_1_186' title='bbox 674 1337 843 1387; x_wconf 84' lang='lat' dir='ltr'>crimen,</span> <span class='ocrx_word' id='word_1_187' title='bbox 859 1336 973 1387; x_wconf 85' lang='lat' dir='ltr'>dixit,</span> <span class='ocrx_word' id='word_1_188' title='bbox 992 1337 1034 1378; x_wconf 91' lang='lat' dir='ltr'>in</span> <span class='ocrx_word' id='word_1_189' title='bbox 1052 1336 1158 1380; x_wconf 87' lang='lat' dir='ltr'>illis?</span> 
     </span>
     <span class='ocr_line' id='line_1_35' title="bbox 160 1393 1085 1448; baseline 0 -14"><span class='ocrx_word' id='word_1_190' title='bbox 160 1393 301 1434; x_wconf 85' lang='lat' dir='ltr'>Exilio</span> <span class='ocrx_word' id='word_1_191' title='bbox 319 1407 487 1448; x_wconf 88' lang='lat' dir='ltr'>poenam</span> <span class='ocrx_word' id='word_1_192' title='bbox 507 1394 639 1448; x_wconf 75' lang='lat' dir='ltr'>potius</span> <span class='ocrx_word' id='word_1_193' title='bbox 659 1409 758 1448; x_wconf 87' lang='lat' dir='ltr'>gens</span> <span class='ocrx_word' id='word_1_194' title='bbox 777 1394 903 1448; x_wconf 86' lang='lat' dir='ltr'>impia</span> <span class='ocrx_word' id='word_1_195' title='bbox 922 1394 1085 1448; x_wconf 87' lang='lat' dir='ltr'>pendat,</span> 
     </span>
    </p>
   </div>
   <div class='ocr_carea' id='block_1_20' title="bbox 1186 830 1698 1449">
    <p class='ocr_par' dir='ltr' id='par_1_20' title="bbox 1186 830 1698 1449">
     <span class='ocr_line' id='line_1_36' title="bbox 1287 830 1692 869; baseline -0.007 -8"><span class='ocrx_word' id='word_1_196' title='bbox 1287 831 1322 861; x_wconf 89' lang='lat' dir='ltr'>lis</span> <span class='ocrx_word' id='word_1_197' title='bbox 1337 831 1518 866; x_wconf 84' lang='lat' dir='ltr'>abundante,</span> <span class='ocrx_word' id='word_1_198' title='bbox 1536 840 1573 859; x_wconf 89' lang='lat' dir='ltr'>an</span> <span class='ocrx_word' id='word_1_199' title='bbox 1589 830 1692 869; x_wconf 88' lang='lat' dir='ltr'>cupiat</span> 
     </span>
     <span class='ocr_line' id='line_1_37' title="bbox 1288 871 1692 913; baseline -0.002 -10"><span class='ocrx_word' id='word_1_200' title='bbox 1288 872 1456 913; x_wconf 84' lang='lat' dir='ltr'>produxisse</span> <span class='ocrx_word' id='word_1_201' title='bbox 1498 871 1692 912; x_wconf 79' lang='lat' dir='ltr'>Propoetidas,</span> 
     </span>
     <span class='ocr_line' id='line_1_38' title="bbox 1310 916 1692 956; baseline -0.005 -12"><span class='ocrx_word' id='word_1_202' title='bbox 1310 916 1410 944; x_wconf 86' lang='lat' dir='ltr'>erinde</span> <span class='ocrx_word' id='word_1_203' title='bbox 1437 922 1525 956; x_wconf 86' lang='lat' dir='ltr'>neget</span> <span class='ocrx_word' id='word_1_204' title='bbox 1547 924 1580 943; x_wconf 93' lang='lat' dir='ltr'>ac</span> <span class='ocrx_word' id='word_1_205' title='bbox 1605 917 1692 953; x_wconf 74' lang='lat' dir='ltr'>negat</span> 
     </span>
     <span class='ocr_line' id='line_1_39' title="bbox 1290 955 1690 997; baseline -0.003 -11"><span class='ocrx_word' id='word_1_206' title='bbox 1290 957 1368 993; x_wconf 89' lang='lat' dir='ltr'>illos,</span> <span class='ocrx_word' id='word_1_207' title='bbox 1388 956 1496 997; x_wconf 85' lang='lat' dir='ltr'>quibus</span> <span class='ocrx_word' id='word_1_208' title='bbox 1511 955 1583 985; x_wconf 91' lang='lat' dir='ltr'>olim</span> <span class='ocrx_word' id='word_1_209' title='bbox 1607 955 1690 985; x_wconf 85' lang='lat' dir='ltr'>frons</span> 
     </span>
     <span class='ocr_line' id='line_1_40' title="bbox 1186 998 1689 1040; baseline -0.004 -11"><span class='ocrx_word' id='word_1_210' title='bbox 1186 1000 1269 1037; x_wconf 78' lang='lat'>226</span> <span class='ocrx_word' id='word_1_211' title='bbox 1290 1007 1350 1029; x_wconf 86' lang='lat' dir='ltr'>erat</span> <span class='ocrx_word' id='word_1_212' title='bbox 1358 999 1456 1029; x_wconf 88' lang='lat' dir='ltr'>scabra</span> <span class='ocrx_word' id='word_1_213' title='bbox 1465 998 1576 1040; x_wconf 88' lang='lat' dir='ltr'>duplici</span> <span class='ocrx_word' id='word_1_214' title='bbox 1586 1007 1689 1034; x_wconf 89' lang='lat' dir='ltr'>cornu,</span> 
     </span>
     <span class='ocr_line' id='line_1_41' title="bbox 1289 1039 1691 1071; baseline -0.002 -1"><span class='ocrx_word' id='word_1_215' title='bbox 1289 1041 1368 1071; x_wconf 90' lang='lat' dir='ltr'>unde</span> <span class='ocrx_word' id='word_1_216' title='bbox 1394 1041 1483 1070; x_wconf 88' lang='lat' dir='ltr'>etiam</span> <span class='ocrx_word' id='word_1_217' title='bbox 1505 1049 1614 1070; x_wconf 87' lang='lat' dir='ltr'>nomen</span> <span class='ocrx_word' id='word_1_218' title='bbox 1631 1039 1691 1070; x_wconf 72' lang='lat' dir='ltr'>-ha-</span> 
     </span>
     <span class='ocr_line' id='line_1_42' title="bbox 1290 1081 1690 1112; baseline -0.003 0"><span class='ocrx_word' id='word_1_219' title='bbox 1290 1083 1419 1112; x_wconf 89' lang='lat' dir='ltr'>buerunt</span> <span class='ocrx_word' id='word_1_220' title='bbox 1433 1081 1572 1112; x_wconf 76' lang='lat' dir='ltr'>Cerastae.</span> <span class='ocrx_word' id='word_1_221' title='bbox 1587 1081 1690 1112; x_wconf 86' lang='lat' dir='ltr'>Altare</span> 
     </span>
     <span class='ocr_line' id='line_1_43' title="bbox 1289 1123 1692 1164; baseline -0.002 -10"><span class='ocrx_word' id='word_1_222' title='bbox 1289 1124 1373 1154; x_wconf 78' lang='lat' dir='ltr'>Jovis</span> <span class='ocrx_word' id='word_1_223' title='bbox 1385 1123 1539 1164; x_wconf 85' lang='lat' dir='ltr'>hospitalis</span> <span class='ocrx_word' id='word_1_224' title='bbox 1550 1131 1611 1153; x_wconf 84' lang='lat' dir='ltr'>erat</span> <span class='ocrx_word' id='word_1_225' title='bbox 1622 1131 1692 1153; x_wconf 88' lang='lat' dir='ltr'>ante</span> 
     </span>
     <span class='ocr_line' id='line_1_44' title="bbox 1289 1165 1693 1206; baseline -0.002 -10"><span class='ocrx_word' id='word_1_226' title='bbox 1289 1165 1396 1196; x_wconf 84' lang='lat' dir='ltr'>horum</span> <span class='ocrx_word' id='word_1_227' title='bbox 1437 1166 1524 1203; x_wconf 86' lang='lat' dir='ltr'>ostia,</span> <span class='ocrx_word' id='word_1_228' title='bbox 1559 1165 1693 1206; x_wconf 72' lang='lat' dir='ltr'>¹lugubre</span> 
     </span>
     <span class='ocr_line' id='line_1_45' title="bbox 1291 1207 1693 1248; baseline -0.002 -10"><span class='ocrx_word' id='word_1_229' title='bbox 1291 1208 1380 1238; x_wconf 66' lang='lat' dir='ltr'>causa</span> <span class='ocrx_word' id='word_1_230' title='bbox 1401 1207 1536 1244; x_wconf 87' lang='lat' dir='ltr'>sceleris;</span> <span class='ocrx_word' id='word_1_231' title='bbox 1558 1207 1638 1248; x_wconf 88' lang='lat' dir='ltr'>quod</span> <span class='ocrx_word' id='word_1_232' title='bbox 1667 1208 1693 1237; x_wconf 84' lang='lat' dir='ltr'>si</span> 
     </span>
     <span class='ocr_line' id='line_1_46' title="bbox 1291 1249 1698 1291; baseline 0 -11"><span class='ocrx_word' id='word_1_233' title='bbox 1291 1251 1357 1291; x_wconf 87' lang='lat' dir='ltr'>quis</span> <span class='ocrx_word' id='word_1_234' title='bbox 1383 1250 1554 1291; x_wconf 87' lang='lat' dir='ltr'>peregrinus</span> <span class='ocrx_word' id='word_1_235' title='bbox 1577 1249 1698 1280; x_wconf 82' lang='lat' dir='ltr'>vidisset</span> 
     </span>
     <span class='ocr_line' id='line_1_47' title="bbox 1189 1285 1696 1329; baseline 0 -8"><span class='ocrx_word' id='word_1_236' title='bbox 1189 1285 1277 1322; x_wconf 76' lang='lat'>230</span> <span class='ocrx_word' id='word_1_237' title='bbox 1293 1292 1438 1323; x_wconf 82' lang='lat' dir='ltr'>infectum</span> <span class='ocrx_word' id='word_1_238' title='bbox 1467 1301 1582 1329; x_wconf 83' lang='lat' dir='ltr'>cruore,</span> <span class='ocrx_word' id='word_1_239' title='bbox 1618 1291 1696 1322; x_wconf 85' lang='lat' dir='ltr'>arbi·</span> 
     </span>
     <span class='ocr_line' id='line_1_48' title="bbox 1292 1334 1695 1371; baseline -0.005 -6"><span class='ocrx_word' id='word_1_240' title='bbox 1292 1342 1417 1366; x_wconf 88' lang='lat' dir='ltr'>traretur</span> <span class='ocrx_word' id='word_1_241' title='bbox 1424 1334 1531 1364; x_wconf 87' lang='lat' dir='ltr'>vitulos</span> <span class='ocrx_word' id='word_1_242' title='bbox 1538 1334 1695 1371; x_wconf 86' lang='lat' dir='ltr'>lactentes,</span> 
     </span>
     <span class='ocr_line' id='line_1_49' title="bbox 1290 1375 1697 1408; baseline -0.002 -2"><span class='ocrx_word' id='word_1_243' title='bbox 1290 1378 1337 1408; x_wconf 88' lang='lat' dir='ltr'>vel</span> <span class='ocrx_word' id='word_1_244' title='bbox 1373 1387 1441 1407; x_wconf 85' lang='lat' dir='ltr'>oves</span> <span class='ocrx_word' id='word_1_245' title='bbox 1472 1375 1697 1406; x_wconf 69' lang='lat' dir='ltr'>Amathusium</span> 
     </span>
     <span class='ocr_line' id='line_1_50' title="bbox 1293 1418 1696 1449; baseline -0.005 0"><span class='ocrx_word' id='word_1_246' title='bbox 1293 1419 1353 1449; x_wconf 75' lang='lat' dir='ltr'>illic</span> <span class='ocrx_word' id='word_1_247' title='bbox 1376 1429 1487 1449; x_wconf 80' lang='lat' dir='ltr'>caesas:</span> <span class='ocrx_word' id='word_1_248' title='bbox 1510 1418 1561 1448; x_wconf 87' lang='lat' dir='ltr'>sed</span> <span class='ocrx_word' id='word_1_249' title='bbox 1585 1418 1696 1448; x_wconf 77' lang='lat' dir='ltr'>advena</span> 
     </span>
    </p>
   </div>
   <div class='ocr_carea' id='block_1_21' title="bbox 149 1450 1695 1506">
    <p class='ocr_par' dir='ltr' id='par_1_21' title="bbox 149 1450 1695 1506">
     <span class='ocr_line' id='line_1_51' title="bbox 149 1450 1695 1506; baseline -0.001 -16"><span class='ocrx_word' id='word_1_250' title='bbox 149 1450 239 1491; x_wconf 76' lang='lat' dir='ltr'>vet</span> <span class='ocrx_word' id='word_1_251' title='bbox 255 1464 378 1502; x_wconf 86' lang='lat' dir='ltr'>nece3</span> <span class='ocrx_word' id='word_1_252' title='bbox 400 1451 463 1490; x_wconf 92' lang='lat' dir='ltr'>vel</span> <span class='ocrx_word' id='word_1_253' title='bbox 473 1451 504 1490; x_wconf 92' lang='lat' dir='ltr'>si</span> <span class='ocrx_word' id='word_1_254' title='bbox 521 1450 618 1505; x_wconf 87' lang='lat' dir='ltr'>quid</span> <span class='ocrx_word' id='word_1_255' title='bbox 635 1451 816 1491; x_wconf 87' lang='lat' dir='ltr'>medium</span> <span class='ocrx_word' id='word_1_256' title='bbox 839 1451 1057 1506; x_wconf 84' lang='lat' dir='ltr'>mortisque</span> <span class='ocrx_word' id='word_1_257' title='bbox 1073 1451 1274 1504; x_wconf 82' lang='lat' dir='ltr'>fugaeque.</span> <span class='ocrx_word' id='word_1_258' title='bbox 1293 1469 1354 1491; x_wconf 76' lang='lat' dir='ltr'>erat</span> <span class='ocrx_word' id='word_1_259' title='bbox 1360 1461 1525 1505; x_wconf 77' lang='lat' dir='ltr'>jugulatus.</span> <span class='ocrx_word' id='word_1_260' title='bbox 1540 1459 1695 1501; x_wconf 81' lang='lat' dir='ltr'>lpsaalma</span> 
     </span>
    </p>
   </div>
   <div class='ocr_carea' id='block_1_22' title="bbox 160 1506 1524 1675">
    <p class='ocr_par' dir='ltr' id='par_1_22' title="bbox 160 1506 1524 1675">
     <span class='ocr_line' id='line_1_52' title="bbox 160 1506 1226 1562; baseline -0.001 -15"><span class='ocrx_word' id='word_1_261' title='bbox 160 1506 289 1562; x_wconf 90' lang='lat' dir='ltr'>quue</span> <span class='ocrx_word' id='word_1_262' title='bbox 308 1507 405 1562; x_wconf 90' lang='lat' dir='ltr'>quid</span> <span class='ocrx_word' id='word_1_263' title='bbox 424 1521 508 1548; x_wconf 91' lang='lat' dir='ltr'>esse</span> <span class='ocrx_word' id='word_1_264' title='bbox 527 1514 670 1561; x_wconf 87' lang='lat' dir='ltr'>potest,</span> <span class='ocrx_word' id='word_1_265' title='bbox 690 1507 765 1548; x_wconf 86' lang='lat' dir='ltr'>nisi</span> <span class='ocrx_word' id='word_1_266' title='bbox 779 1521 904 1548; x_wconf 84' lang='lat' dir='ltr'>versae</span> <span class='ocrx_word' id='word_1_267' title='bbox 921 1521 1045 1562; x_wconf 85' lang='lat' dir='ltr'>poena</span> <span class='ocrx_word' id='word_1_268' title='bbox 1059 1506 1226 1561; x_wconf 71' lang='lat' dir='ltr'>figurae?</span> 
     </span>
     <span class='ocr_line' id='line_1_53' title="bbox 165 1563 1272 1618; baseline 0.002 -15"><span class='ocrx_word' id='word_1_269' title='bbox 165 1563 281 1604; x_wconf 90' lang='lat' dir='ltr'>Dum</span> <span class='ocrx_word' id='word_1_270' title='bbox 292 1563 462 1614; x_wconf 87' lang='lat' dir='ltr'>dubitat,</span> <span class='ocrx_word' id='word_1_271' title='bbox 471 1577 550 1618; x_wconf 92' lang='lat' dir='ltr'>quo</span> <span class='ocrx_word' id='word_1_272' title='bbox 560 1572 690 1605; x_wconf 90' lang='lat' dir='ltr'>mutet</span> <span class='ocrx_word' id='word_1_273' title='bbox 702 1578 769 1604; x_wconf 86' lang='lat' dir='ltr'>eos</span> <span class='ocrx_word' id='word_1_274' title='bbox 776 1580 787 1614; x_wconf 85' lang='lat'><em>3</em></span> <span class='ocrx_word' id='word_1_275' title='bbox 801 1564 851 1604; x_wconf 90' lang='lat' dir='ltr'>ad</span> <span class='ocrx_word' id='word_1_276' title='bbox 862 1578 1012 1605; x_wconf 86' lang='lat' dir='ltr'>cornua</span> <span class='ocrx_word' id='word_1_277' title='bbox 1021 1565 1178 1605; x_wconf 88' lang='lat' dir='ltr'>vultum</span> <span class='ocrx_word' id='word_1_278' title='bbox 1188 1567 1272 1605; x_wconf 82' lang='lat'>235</span> 
     </span>
     <span class='ocr_line' id='line_1_54' title="bbox 165 1619 1524 1675; baseline -0.002 -14"><span class='ocrx_word' id='word_1_279' title='bbox 165 1619 301 1661; x_wconf 85' lang='lat' dir='ltr'>Flexit</span> <span class='ocrx_word' id='word_1_280' title='bbox 308 1635 320 1670; x_wconf 86' lang='lat'><em>3</em></span> <span class='ocrx_word' id='word_1_281' title='bbox 342 1629 382 1661; x_wconf 90' lang='lat' dir='ltr'>et</span> <span class='ocrx_word' id='word_1_282' title='bbox 395 1620 602 1661; x_wconf 88' lang='lat' dir='ltr'>admonita</span> <span class='ocrx_word' id='word_1_283' title='bbox 621 1629 680 1661; x_wconf 86' lang='lat' dir='ltr'>est</span> <span class='ocrx_word' id='word_1_284' title='bbox 696 1621 787 1662; x_wconf 86' lang='lat' dir='ltr'>haec</span> <span class='ocrx_word' id='word_1_285' title='bbox 808 1621 886 1661; x_wconf 90' lang='lat' dir='ltr'>illis</span> <span class='ocrx_word' id='word_1_286' title='bbox 903 1634 1018 1675; x_wconf 87' lang='lat' dir='ltr'>posse</span> <span class='ocrx_word' id='word_1_287' title='bbox 1038 1619 1235 1674; x_wconf 86' lang='lat' dir='ltr'>relinqui:</span> <span class='ocrx_word' id='word_1_288' title='bbox 1291 1638 1323 1660; x_wconf 71' lang='lat' dir='ltr'>et</span> <span class='ocrx_word' id='word_1_289' title='bbox 1343 1639 1409 1660; x_wconf 83' lang='lat' dir='ltr'>suas</span> <span class='ocrx_word' id='word_1_290' title='bbox 1428 1630 1524 1658; x_wconf 81' lang='lat' dir='ltr'>urbes.</span> 
     </span>
    </p>
   </div>
   <div class='ocr_carea' id='block_1_23' title="bbox 1292 1502 1696 1583">
    <p class='ocr_par' dir='ltr' id='par_1_23' title="bbox 1292 1502 1696 1583">
     <span class='ocr_line' id='line_1_55' title="bbox 1293 1502 1696 1534; baseline -0.002 -1"><span class='ocrx_word' id='word_1_291' title='bbox 1293 1502 1396 1534; x_wconf 87' lang='lat' dir='ltr'>Venus</span> <span class='ocrx_word' id='word_1_292' title='bbox 1447 1502 1562 1533; x_wconf 77' lang='lat' dir='ltr'>infensa</span> <span class='ocrx_word' id='word_1_293' title='bbox 1607 1503 1696 1532; x_wconf 84' lang='lat' dir='ltr'>sacris</span> 
     </span>
     <span class='ocr_line' id='line_1_56' title="bbox 1292 1544 1696 1583; baseline -0.005 -7"><span class='ocrx_word' id='word_1_294' title='bbox 1292 1544 1444 1583; x_wconf 85' lang='lat' dir='ltr'>horrendis</span> <span class='ocrx_word' id='word_1_295' title='bbox 1469 1544 1585 1575; x_wconf 79' lang='lat' dir='ltr'>volebat</span> <span class='ocrx_word' id='word_1_296' title='bbox 1606 1544 1696 1574; x_wconf 86' lang='lat' dir='ltr'>desti-</span> 
     </span>
    </p>
   </div>
   <div class='ocr_carea' id='block_1_24' title="bbox 1291 1585 1700 1666">
    <p class='ocr_par' dir='ltr' id='par_1_24' title="bbox 1291 1585 1700 1666">
     <span class='ocr_line' id='line_1_57' title="bbox 1291 1585 1700 1658; baseline -0.005 -40"><span class='ocrx_word' id='word_1_297' title='bbox 1291 1591 1373 1619; x_wconf 83' lang='lat' dir='ltr'>tu&#39;ere</span> <span class='ocrx_word' id='word_1_298' title='bbox 1396 1597 1514 1627; x_wconf 86' lang='lat' dir='ltr'>campos</span> <span class='ocrx_word' id='word_1_299' title='bbox 1535 1585 1700 1658; x_wconf 47' lang='lat' dir='ltr'>Oplhiusios</span> 
     </span>
     <span class='ocr_line' id='line_1_58' title="bbox 1597 1629 1695 1666; baseline 0.01 -8"><span class='ocrx_word' id='word_1_300' title='bbox 1597 1629 1679 1659; x_wconf 66' lang='lat' dir='ltr'>erum</span> <span class='ocrx_word' id='word_1_301' title='bbox 1683 1649 1695 1666; x_wconf 85' lang='lat'>,</span> 
     </span>
    </p>
   </div>
   <div class='ocr_carea' id='block_1_25' title="bbox 167 1670 1695 1733">
    <p class='ocr_par' dir='ltr' id='par_1_25' title="bbox 167 1670 1695 1733">
     <span class='ocr_line' id='line_1_59' title="bbox 167 1670 1695 1733; baseline -0.002 -15"><span class='ocrx_word' id='word_1_302' title='bbox 167 1675 394 1733; x_wconf 87' lang='lat' dir='ltr'>Grandiaq3</span> <span class='ocrx_word' id='word_1_303' title='bbox 412 1676 454 1717; x_wconf 91' lang='lat' dir='ltr'>in</span> <span class='ocrx_word' id='word_1_304' title='bbox 466 1685 596 1718; x_wconf 89' lang='lat' dir='ltr'>torvos</span> <span class='ocrx_word' id='word_1_305' title='bbox 608 1679 864 1718; x_wconf 85' lang='lat' dir='ltr'>transformat</span> <span class='ocrx_word' id='word_1_306' title='bbox 877 1675 1275 1730; x_wconf 85' lang='lat' dir='ltr'>membrajuvencos.</span> <span class='ocrx_word' id='word_1_307' title='bbox 1292 1673 1345 1708; x_wconf 62' lang='lat'>³³12</span> <span class='ocrx_word' id='word_1_308' title='bbox 1381 1671 1452 1711; x_wconf 61' lang='grc' dir='ltr'>ΨΜ</span> <span class='ocrx_word' id='word_1_309' title='bbox 1483 1670 1548 1700; x_wconf 70' lang='lat'><strong>¹⁰0³</strong></span> <span class='ocrx_word' id='word_1_310' title='bbox 1575 1670 1695 1708; x_wconf 75' lang='lat' dir='ltr'>dilecta,</span> 
     </span>
    </p>
   </div>
   <div class='ocr_carea' id='block_1_26' title="bbox 1293 1712 1694 1754">
    <p class='ocr_par' dir='ltr' id='par_1_26' title="bbox 1293 1712 1694 1754">
     <span class='ocr_line' id='line_1_60' title="bbox 1293 1712 1694 1754; baseline 0 -11"><span class='ocrx_word' id='word_1_311' title='bbox 1293 1713 1365 1754; x_wconf 85' lang='lat' dir='ltr'>quid</span> <span class='ocrx_word' id='word_1_312' title='bbox 1379 1713 1464 1743; x_wconf 89' lang='lat' dir='ltr'>urbes</span> <span class='ocrx_word' id='word_1_313' title='bbox 1476 1722 1551 1742; x_wconf 79' lang='lat' dir='ltr'>meae</span> <span class='ocrx_word' id='word_1_314' title='bbox 1560 1712 1694 1753; x_wconf 80' lang='lat' dir='ltr'>delique-</span> 
     </span>
    </p>
   </div>
   <div class='ocr_carea' id='block_1_27' title="bbox 169 1754 1696 1924">
    <p class='ocr_par' dir='ltr' id='par_1_27' title="bbox 169 1754 1696 1924">
     <span class='ocr_line' id='line_1_61' title="bbox 169 1754 1695 1796; baseline 0 -12"><span class='ocrx_word' id='word_1_315' title='bbox 169 1762 252 1792; x_wconf 84' lang='lat' dir='ltr'>runt,</span> <span class='ocrx_word' id='word_1_316' title='bbox 266 1754 463 1796; x_wconf 53' lang='lat' dir='ltr'>quod‘vitiurn</span> <span class='ocrx_word' id='word_1_317' title='bbox 480 1764 523 1785; x_wconf 73' lang='lat' dir='ltr'>est</span> <span class='ocrx_word' id='word_1_318' title='bbox 536 1756 566 1785; x_wconf 87' lang='lat' dir='ltr'>in</span> <span class='ocrx_word' id='word_1_319' title='bbox 579 1755 659 1785; x_wconf 87' lang='lat' dir='ltr'>illis?</span> <span class='ocrx_word' id='word_1_320' title='bbox 692 1755 776 1786; x_wconf 89' lang='lat' dir='ltr'>Gens</span> <span class='ocrx_word' id='word_1_321' title='bbox 791 1755 911 1786; x_wconf 83' lang='lat' dir='ltr'>scelesta</span> <span class='ocrx_word' id='word_1_322' title='bbox 925 1755 1051 1786; x_wconf 85' lang='lat' dir='ltr'>exsolvat</span> <span class='ocrx_word' id='word_1_323' title='bbox 1066 1755 1165 1796; x_wconf 71' lang='lat' dir='ltr'>potius</span> <span class='ocrx_word' id='word_1_324' title='bbox 1180 1765 1282 1796; x_wconf 80' lang='lat' dir='ltr'>poenas</span> <span class='ocrx_word' id='word_1_325' title='bbox 1297 1755 1396 1792; x_wconf 84' lang='lat' dir='ltr'>exilio,</span> <span class='ocrx_word' id='word_1_326' title='bbox 1418 1754 1463 1784; x_wconf 89' lang='lat' dir='ltr'>vel</span> <span class='ocrx_word' id='word_1_327' title='bbox 1475 1763 1582 1792; x_wconf 85' lang='lat' dir='ltr'>morte,</span> <span class='ocrx_word' id='word_1_328' title='bbox 1604 1755 1648 1784; x_wconf 88' lang='lat' dir='ltr'>vel</span> <span class='ocrx_word' id='word_1_329' title='bbox 1669 1755 1695 1784; x_wconf 88' lang='lat' dir='ltr'>si</span> 
     </span>
     <span class='ocr_line' id='line_1_62' title="bbox 170 1796 1696 1839; baseline 0 -13"><span class='ocrx_word' id='word_1_330' title='bbox 170 1797 242 1836; x_wconf 63' lang='lat' dir='ltr'>qvid</span> <span class='ocrx_word' id='word_1_331' title='bbox 265 1797 394 1827; x_wconf 82' lang='lat' dir='ltr'>medium</span> <span class='ocrx_word' id='word_1_332' title='bbox 408 1806 452 1827; x_wconf 86' lang='lat' dir='ltr'>est</span> <span class='ocrx_word' id='word_1_333' title='bbox 467 1798 543 1826; x_wconf 85' lang='lat' dir='ltr'>inter</span> <span class='ocrx_word' id='word_1_334' title='bbox 555 1806 678 1827; x_wconf 81' lang='lat' dir='ltr'>mortem</span> <span class='ocrx_word' id='word_1_335' title='bbox 695 1806 723 1828; x_wconf 87' lang='lat' dir='ltr'>et</span> <span class='ocrx_word' id='word_1_336' title='bbox 735 1798 864 1828; x_wconf 83' lang='lat' dir='ltr'>exilium.</span> <span class='ocrx_word' id='word_1_337' title='bbox 907 1798 1008 1838; x_wconf 85' lang='lat' dir='ltr'>Atque</span> <span class='ocrx_word' id='word_1_338' title='bbox 1030 1797 1060 1827; x_wconf 90' lang='lat' dir='ltr'>id</span> <span class='ocrx_word' id='word_1_339' title='bbox 1082 1797 1154 1837; x_wconf 83' lang='lat' dir='ltr'>quid</span> <span class='ocrx_word' id='word_1_340' title='bbox 1169 1805 1269 1838; x_wconf 86' lang='lat' dir='ltr'>potest</span> <span class='ocrx_word' id='word_1_341' title='bbox 1283 1808 1358 1839; x_wconf 68' lang='lat' dir='ltr'>esse,</span> <span class='ocrx_word' id='word_1_342' title='bbox 1384 1796 1440 1826; x_wconf 91' lang='lat' dir='ltr'>nisi</span> <span class='ocrx_word' id='word_1_343' title='bbox 1463 1807 1551 1837; x_wconf 86' lang='lat' dir='ltr'>poena</span> <span class='ocrx_word' id='word_1_344' title='bbox 1572 1803 1696 1826; x_wconf 82' lang='lat' dir='ltr'>mutatae</span> 
     </span>
     <span class='ocr_line' id='line_1_63' title="bbox 170 1837 1696 1881; baseline 0 -13"><span class='ocrx_word' id='word_1_345' title='bbox 170 1839 295 1869; x_wconf 84' lang='lat' dir='ltr'>formae?</span> <span class='ocrx_word' id='word_1_346' title='bbox 339 1837 424 1869; x_wconf 87' lang='lat' dir='ltr'>Dum</span> <span class='ocrx_word' id='word_1_347' title='bbox 439 1839 548 1868; x_wconf 85' lang='lat' dir='ltr'>incerta</span> <span class='ocrx_word' id='word_1_348' title='bbox 563 1848 619 1876; x_wconf 87' lang='lat' dir='ltr'>est,</span> <span class='ocrx_word' id='word_1_349' title='bbox 635 1841 664 1870; x_wconf 94' lang='lat' dir='ltr'>in</span> <span class='ocrx_word' id='word_1_350' title='bbox 688 1850 776 1880; x_wconf 87' lang='lat' dir='ltr'>quam</span> <span class='ocrx_word' id='word_1_351' title='bbox 793 1841 914 1881; x_wconf 83' lang='lat' dir='ltr'>figuram</span> <span class='ocrx_word' id='word_1_352' title='bbox 929 1850 979 1870; x_wconf 82' lang='lat' dir='ltr'>eos</span> <span class='ocrx_word' id='word_1_353' title='bbox 999 1848 1098 1876; x_wconf 88' lang='lat' dir='ltr'>vertat,</span> <span class='ocrx_word' id='word_1_354' title='bbox 1118 1839 1274 1880; x_wconf 85' lang='lat' dir='ltr'>detorquet</span> <span class='ocrx_word' id='word_1_355' title='bbox 1294 1839 1400 1869; x_wconf 79' lang='lat' dir='ltr'>faciem</span> <span class='ocrx_word' id='word_1_356' title='bbox 1413 1838 1449 1868; x_wconf 85' lang='lat' dir='ltr'>ad</span> <span class='ocrx_word' id='word_1_357' title='bbox 1465 1848 1585 1876; x_wconf 77' lang='lat' dir='ltr'>cornua,</span> <span class='ocrx_word' id='word_1_358' title='bbox 1608 1847 1696 1880; x_wconf 71' lang='lat' dir='ltr'>atque</span> 
     </span>
     <span class='ocr_line' id='line_1_64' title="bbox 169 1879 1470 1924; baseline 0.001 -12"><span class='ocrx_word' id='word_1_359' title='bbox 169 1879 321 1912; x_wconf 75' lang='lat' dir='ltr'>admonita</span> <span class='ocrx_word' id='word_1_360' title='bbox 332 1888 377 1911; x_wconf 86' lang='lat' dir='ltr'>est</span> <span class='ocrx_word' id='word_1_361' title='bbox 388 1879 452 1911; x_wconf 84' lang='lat' dir='ltr'>haec</span> <span class='ocrx_word' id='word_1_362' title='bbox 467 1890 552 1922; x_wconf 72' lang='lat' dir='ltr'>posse</span> <span class='ocrx_word' id='word_1_363' title='bbox 565 1881 622 1912; x_wconf 82' lang='lat' dir='ltr'>illis</span> <span class='ocrx_word' id='word_1_364' title='bbox 637 1882 781 1924; x_wconf 74' lang='lat' dir='ltr'>relinqui:</span> <span class='ocrx_word' id='word_1_365' title='bbox 807 1888 836 1912; x_wconf 91' lang='lat' dir='ltr'>et</span> <span class='ocrx_word' id='word_1_366' title='bbox 852 1889 949 1913; x_wconf 80' lang='lat' dir='ltr'>mutat</span> <span class='ocrx_word' id='word_1_367' title='bbox 962 1889 1056 1913; x_wconf 84' lang='lat' dir='ltr'>vastos</span> <span class='ocrx_word' id='word_1_368' title='bbox 1070 1889 1149 1913; x_wconf 83' lang='lat' dir='ltr'>artus</span> <span class='ocrx_word' id='word_1_369' title='bbox 1165 1883 1197 1913; x_wconf 90' lang='lat' dir='ltr'>in</span> <span class='ocrx_word' id='word_1_370' title='bbox 1212 1889 1310 1912; x_wconf 82' lang='lat' dir='ltr'>truces</span> <span class='ocrx_word' id='word_1_371' title='bbox 1318 1882 1470 1922; x_wconf 67' lang='lat' dir='ltr'>juvenem.</span> 
     </span>
    </p>
   </div>
   <div class='ocr_carea' id='block_1_28' title="bbox 866 2079 1008 2113">
    <p class='ocr_par' dir='ltr' id='par_1_28' title="bbox 866 2079 1008 2113">
     <span class='ocr_line' id='line_1_65' title="bbox 866 2079 1008 2113; baseline 0.014 -2"><span class='ocrx_word' id='word_1_372' title='bbox 866 2079 1008 2113; x_wconf 83' lang='lat' dir='ltr'><strong>NOTAE.</strong></span> 
     </span>
    </p>
   </div>
   <div class='ocr_carea' id='block_1_29' title="bbox 143 2153 923 2787">
    <p class='ocr_par' dir='ltr' id='par_1_29' title="bbox 217 2153 895 2195">
     <span class='ocr_line' id='line_1_66' title="bbox 217 2153 895 2195; baseline 0 -9"><span class='ocrx_word' id='word_1_373' title='bbox 217 2158 290 2186; x_wconf 84' lang='lat'><strong>216.</strong></span> <span class='ocrx_word' id='word_1_374' title='bbox 306 2153 444 2195; x_wconf 77' lang='lat' dir='ltr'>Funesta]</span> <span class='ocrx_word' id='word_1_375' title='bbox 469 2153 539 2189; x_wconf 59' lang='lat' dir='ltr'>Qua</span> <span class='ocrx_word' id='word_1_376' title='bbox 553 2156 583 2192; x_wconf 80' lang='lat' dir='ltr'>in</span> <span class='ocrx_word' id='word_1_377' title='bbox 597 2154 749 2186; x_wconf 74' lang='lat' dir='ltr'>funeribus</span> <span class='ocrx_word' id='word_1_378' title='bbox 762 2163 895 2186; x_wconf 87' lang='lat' dir='ltr'>utuntur.</span> 
     </span>
    </p>

    <p class='ocr_par' dir='ltr' id='par_1_30' title="bbox 175 2196 918 2281">
     <span class='ocr_line' id='line_1_67' title="bbox 220 2196 918 2239; baseline 0 -11"><span class='ocrx_word' id='word_1_379' title='bbox 220 2204 292 2232; x_wconf 81' lang='lat'>217.</span> <span class='ocrx_word' id='word_1_380' title='bbox 301 2197 442 2239; x_wconf 81' lang='lat' dir='ltr'>Sparten]</span> <span class='ocrx_word' id='word_1_381' title='bbox 467 2196 557 2232; x_wconf 75' lang='lat' dir='ltr'>Quod</span> <span class='ocrx_word' id='word_1_382' title='bbox 569 2208 677 2228; x_wconf 83' lang='lat' dir='ltr'>nomen</span> <span class='ocrx_word' id='word_1_383' title='bbox 689 2209 747 2228; x_wconf 87' lang='lat' dir='ltr'>non</span> <span class='ocrx_word' id='word_1_384' title='bbox 758 2198 846 2228; x_wconf 62' lang='lat' dir='ltr'>modo</span> <span class='ocrx_word' id='word_1_385' title='bbox 854 2197 918 2238; x_wconf 84' lang='lat' dir='ltr'>Hy-</span> 
     </span>
     <span class='ocr_line' id='line_1_68' title="bbox 175 2238 917 2281; baseline 0.001 -12"><span class='ocrx_word' id='word_1_386' title='bbox 175 2238 287 2270; x_wconf 82' lang='lat' dir='ltr'>acinthi</span> <span class='ocrx_word' id='word_1_387' title='bbox 305 2241 404 2280; x_wconf 68' lang='lat' dir='ltr'>patriae</span> <span class='ocrx_word' id='word_1_388' title='bbox 419 2251 470 2269; x_wconf 82' lang='lat' dir='ltr'>seu</span> <span class='ocrx_word' id='word_1_389' title='bbox 486 2240 551 2269; x_wconf 88' lang='lat' dir='ltr'>urbi</span> <span class='ocrx_word' id='word_1_390' title='bbox 568 2238 693 2281; x_wconf 78' lang='lat' dir='ltr'>Spartae,</span> <span class='ocrx_word' id='word_1_391' title='bbox 715 2241 765 2270; x_wconf 86' lang='lat' dir='ltr'>sed</span> <span class='ocrx_word' id='word_1_392' title='bbox 788 2240 917 2280; x_wconf 84' lang='lat' dir='ltr'>ejusdem</span> 
     </span>
    </p>

    <p class='ocr_par' dir='ltr' id='par_1_31' title="bbox 143 2278 918 2408">
     <span class='ocr_line' id='line_1_69' title="bbox 143 2278 918 2320; baseline 0 -8"><span class='ocrx_word' id='word_1_393' title='bbox 143 2278 153 2286; x_wconf 78' lang='grc'><em>“</em></span> <span class='ocrx_word' id='word_1_394' title='bbox 176 2283 247 2312; x_wconf 82' lang='lat' dir='ltr'>aviae</span> <span class='ocrx_word' id='word_1_395' title='bbox 262 2280 485 2312; x_wconf 59' lang='lat' dir='ltr'>lacedaemonis</span> <span class='ocrx_word' id='word_1_396' title='bbox 501 2283 597 2320; x_wconf 58' lang='lat' dir='ltr'>axvi,</span> <span class='ocrx_word' id='word_1_397' title='bbox 608 2290 640 2312; x_wconf 86' lang='lat' dir='ltr'>ut</span> <span class='ocrx_word' id='word_1_398' title='bbox 651 2280 810 2312; x_wconf 85' lang='lat' dir='ltr'>Pausanias</span> <span class='ocrx_word' id='word_1_399' title='bbox 820 2282 918 2313; x_wconf 82' lang='lat' dir='ltr'>tradit.</span> 
     </span>
     <span class='ocr_line' id='line_1_70' title="bbox 220 2322 916 2366; baseline 0.001 -12"><span class='ocrx_word' id='word_1_400' title='bbox 220 2330 293 2357; x_wconf 72' lang='lat'><strong>⁶219.</strong></span> <span class='ocrx_word' id='word_1_401' title='bbox 310 2323 508 2366; x_wconf 76' lang='lat' dir='ltr'>Hyacinthia]</span> <span class='ocrx_word' id='word_1_402' title='bbox 544 2322 580 2354; x_wconf 87' lang='lat' dir='ltr'>In</span> <span class='ocrx_word' id='word_1_403' title='bbox 595 2322 758 2365; x_wconf 84' lang='lat' dir='ltr'>Hyacinthi</span> <span class='ocrx_word' id='word_1_404' title='bbox 771 2323 916 2355; x_wconf 86' lang='lat' dir='ltr'>bonorem</span> 
     </span>
     <span class='ocr_line' id='line_1_71' title="bbox 177 2365 517 2408; baseline -0.003 -12"><span class='ocrx_word' id='word_1_405' title='bbox 177 2367 336 2408; x_wconf 87' lang='lat' dir='ltr'>quotannis</span> <span class='ocrx_word' id='word_1_406' title='bbox 361 2365 517 2396; x_wconf 85' lang='lat' dir='ltr'>celebrata.</span> 
     </span>
    </p>

    <p class='ocr_par' dir='ltr' id='par_1_32' title="bbox 222 2407 750 2449">
     <span class='ocr_line' id='line_1_72' title="bbox 222 2407 750 2449; baseline 0 -11"><span class='ocrx_word' id='word_1_407' title='bbox 222 2413 295 2439; x_wconf 83' lang='lat'><strong>220.</strong></span> <span class='ocrx_word' id='word_1_408' title='bbox 307 2408 507 2449; x_wconf 78' lang='lat' dir='ltr'>Amathunta]</span> <span class='ocrx_word' id='word_1_409' title='bbox 531 2407 621 2449; x_wconf 86' lang='lat' dir='ltr'>Cypri</span> <span class='ocrx_word' id='word_1_410' title='bbox 637 2407 750 2438; x_wconf 89' lang='lat' dir='ltr'>urbem.</span> 
     </span>
    </p>

    <p class='ocr_par' dir='ltr' id='par_1_33' title="bbox 179 2449 923 2690">
     <span class='ocr_line' id='line_1_73' title="bbox 221 2449 921 2490; baseline 0.001 -11"><span class='ocrx_word' id='word_1_411' title='bbox 221 2455 294 2480; x_wconf 76' lang='lat'><strong>223.</strong></span> <span class='ocrx_word' id='word_1_412' title='bbox 307 2450 449 2490; x_wconf 78' lang='lat' dir='ltr'>Cerastoe]</span> <span class='ocrx_word' id='word_1_413' title='bbox 467 2449 595 2481; x_wconf 82' lang='lat' dir='ltr'>Cerastis</span> <span class='ocrx_word' id='word_1_414' title='bbox 604 2450 682 2480; x_wconf 86' lang='lat' dir='ltr'>dicta</span> <span class='ocrx_word' id='word_1_415' title='bbox 693 2458 737 2480; x_wconf 83' lang='lat' dir='ltr'>est</span> <span class='ocrx_word' id='word_1_416' title='bbox 746 2450 816 2480; x_wconf 90' lang='lat' dir='ltr'>olim</span> <span class='ocrx_word' id='word_1_417' title='bbox 826 2450 921 2480; x_wconf 86' lang='lat' dir='ltr'>insula</span> 
     </span>
     <span class='ocr_line' id='line_1_74' title="bbox 179 2489 920 2533; baseline 0.001 -12"><span class='ocrx_word' id='word_1_418' title='bbox 179 2489 294 2531; x_wconf 82' lang='lat' dir='ltr'>Cyprus</span> <span class='ocrx_word' id='word_1_419' title='bbox 308 2492 347 2522; x_wconf 87' lang='lat' dir='ltr'>ob</span> <span class='ocrx_word' id='word_1_420' title='bbox 363 2493 455 2522; x_wconf 89' lang='lat' dir='ltr'>multa</span> <span class='ocrx_word' id='word_1_421' title='bbox 468 2492 578 2533; x_wconf 78' lang='grc' dir='ltr'>κέρατα</span> <span class='ocrx_word' id='word_1_422' title='bbox 590 2503 640 2523; x_wconf 89' lang='lat' dir='ltr'>seu</span> <span class='ocrx_word' id='word_1_423' title='bbox 654 2493 870 2533; x_wconf 87' lang='lat' dir='ltr'>promontoria:</span> <span class='ocrx_word' id='word_1_424' title='bbox 884 2503 920 2522; x_wconf 73' lang='lat' dir='ltr'>cx</span> 
     </span>
     <span class='ocr_line' id='line_1_75' title="bbox 181 2532 921 2575; baseline 0.001 -12"><span class='ocrx_word' id='word_1_425' title='bbox 181 2542 242 2573; x_wconf 75' lang='lat' dir='ltr'>quo</span> <span class='ocrx_word' id='word_1_426' title='bbox 251 2532 326 2569; x_wconf 67' lang='lat' dir='ltr'>forte</span> <span class='ocrx_word' id='word_1_427' title='bbox 336 2534 419 2564; x_wconf 78' lang='lat' dir='ltr'>datus</span> <span class='ocrx_word' id='word_1_428' title='bbox 434 2534 516 2565; x_wconf 88' lang='lat' dir='ltr'>locus</span> <span class='ocrx_word' id='word_1_429' title='bbox 531 2535 649 2566; x_wconf 70' lang='lat' dir='ltr'>fabulae.</span> <span class='ocrx_word' id='word_1_430' title='bbox 679 2534 860 2575; x_wconf 77' lang='lat' dir='ltr'>Quanquam</span> <span class='ocrx_word' id='word_1_431' title='bbox 872 2534 921 2564; x_wconf 82' lang='lat' dir='ltr'>alii</span> 
     </span>
     <span class='ocr_line' id='line_1_76' title="bbox 182 2574 922 2614; baseline 0.004 -10"><span class='ocrx_word' id='word_1_432' title='bbox 182 2585 216 2604; x_wconf 72' lang='lat' dir='ltr'>ex</span> <span class='ocrx_word' id='word_1_433' title='bbox 230 2574 390 2606; x_wconf 76' lang='lat' dir='ltr'>incolarum</span> <span class='ocrx_word' id='word_1_434' title='bbox 413 2575 540 2614; x_wconf 80' lang='lat' dir='ltr'>feritate,</span> <span class='ocrx_word' id='word_1_435' title='bbox 551 2576 597 2606; x_wconf 86' lang='lat' dir='ltr'>vel</span> <span class='ocrx_word' id='word_1_436' title='bbox 609 2578 699 2607; x_wconf 86' lang='lat' dir='ltr'>etiam</span> <span class='ocrx_word' id='word_1_437' title='bbox 711 2587 745 2606; x_wconf 85' lang='lat' dir='ltr'>ex</span> <span class='ocrx_word' id='word_1_438' title='bbox 757 2577 922 2607; x_wconf 82' lang='lat' dir='ltr'>tumoribus</span> 
     </span>
     <span class='ocr_line' id='line_1_77' title="bbox 182 2617 923 2660; baseline 0.004 -14"><span class='ocrx_word' id='word_1_439' title='bbox 182 2626 257 2656; x_wconf 77' lang='lat' dir='ltr'>quos</span> <span class='ocrx_word' id='word_1_440' title='bbox 283 2617 325 2646; x_wconf 83' lang='lat' dir='ltr'>illi</span> <span class='ocrx_word' id='word_1_441' title='bbox 351 2619 382 2647; x_wconf 90' lang='lat' dir='ltr'>in</span> <span class='ocrx_word' id='word_1_442' title='bbox 404 2618 500 2658; x_wconf 78' lang='lat' dir='ltr'>capite</span> <span class='ocrx_word' id='word_1_443' title='bbox 519 2628 663 2649; x_wconf 83' lang='lat' dir='ltr'>cornuum</span> <span class='ocrx_word' id='word_1_444' title='bbox 683 2619 747 2649; x_wconf 89' lang='lat' dir='ltr'>vice</span> <span class='ocrx_word' id='word_1_445' title='bbox 769 2619 923 2660; x_wconf 83' lang='lat' dir='ltr'>gerebant,</span> 
     </span>
     <span class='ocr_line' id='line_1_78' title="bbox 182 2659 518 2690; baseline 0.006 -2"><span class='ocrx_word' id='word_1_446' title='bbox 182 2665 309 2688; x_wconf 82' lang='lat' dir='ltr'>tractum</span> <span class='ocrx_word' id='word_1_447' title='bbox 323 2659 518 2690; x_wconf 75' lang='lat' dir='ltr'>crediderunt.</span> 
     </span>
    </p>

    <p class='ocr_par' dir='ltr' id='par_1_34' title="bbox 183 2698 920 2787">
     <span class='ocr_line' id='line_1_79' title="bbox 227 2698 919 2744; baseline 0.004 -14"><span class='ocrx_word' id='word_1_448' title='bbox 227 2706 299 2730; x_wconf 76' lang='lat'><strong>2⁸24.</strong></span> <span class='ocrx_word' id='word_1_449' title='bbox 313 2698 412 2740; x_wconf 78' lang='lat' dir='ltr'>Jovis]</span> <span class='ocrx_word' id='word_1_450' title='bbox 437 2699 499 2735; x_wconf 74' lang='lat' dir='ltr'>Qui</span> <span class='ocrx_word' id='word_1_451' title='bbox 511 2700 691 2743; x_wconf 80' lang='lat' dir='ltr'>hospitibus,</span> <span class='ocrx_word' id='word_1_452' title='bbox 702 2713 775 2744; x_wconf 87' lang='lat' dir='ltr'>quos</span> <span class='ocrx_word' id='word_1_453' title='bbox 784 2704 815 2733; x_wconf 87' lang='lat' dir='ltr'>in</span> <span class='ocrx_word' id='word_1_454' title='bbox 826 2703 919 2734; x_wconf 67' lang='lat' dir='ltr'>tutela</span> 
     </span>
     <span class='ocr_line' id='line_1_80' title="bbox 183 2740 920 2787; baseline 0.005 -15"><span class='ocrx_word' id='word_1_455' title='bbox 183 2740 286 2780; x_wconf 76' lang='lat' dir='ltr'>habet,</span> <span class='ocrx_word' id='word_1_456' title='bbox 293 2742 359 2782; x_wconf 68' lang='lat' dir='ltr'>jura</span> <span class='ocrx_word' id='word_1_457' title='bbox 370 2743 438 2774; x_wconf 76' lang='lat' dir='ltr'>dare</span> <span class='ocrx_word' id='word_1_458' title='bbox 449 2743 596 2775; x_wconf 82' lang='lat' dir='ltr'>creditus:</span> <span class='ocrx_word' id='word_1_459' title='bbox 619 2745 696 2775; x_wconf 83' lang='lat' dir='ltr'>unde</span> <span class='ocrx_word' id='word_1_460' title='bbox 711 2753 741 2777; x_wconf 86' lang='lat' dir='ltr'>et</span> <span class='ocrx_word' id='word_1_461' title='bbox 754 2743 920 2787; x_wconf 82' lang='lat' dir='ltr'>Hospitalis</span> 
     </span>
    </p>
   </div>
   <div class='ocr_carea' id='block_1_30' title="bbox 960 2155 1702 2744">
    <p class='ocr_par' dir='ltr' id='par_1_35' title="bbox 960 2155 1346 2190">
     <span class='ocr_line' id='line_1_81' title="bbox 960 2155 1346 2190; baseline -0.005 -3"><span class='ocrx_word' id='word_1_462' title='bbox 960 2157 1067 2190; x_wconf 83' lang='lat' dir='ltr'>dictus,</span> <span class='ocrx_word' id='word_1_463' title='bbox 1081 2155 1227 2187; x_wconf 71' lang='lat' dir='ltr'>aGroecis</span> <span class='ocrx_word' id='word_1_464' title='bbox 1244 2155 1346 2190; x_wconf 65' lang='grc' dir='ltr'>Ξένιος.</span> 
     </span>
    </p>

    <p class='ocr_par' dir='ltr' id='par_1_36' title="bbox 960 2194 1700 2438">
     <span class='ocr_line' id='line_1_82' title="bbox 1003 2194 1698 2237; baseline -0.001 -9"><span class='ocrx_word' id='word_1_465' title='bbox 1003 2205 1076 2229; x_wconf 72' lang='lat'>‘225-</span> <span class='ocrx_word' id='word_1_466' title='bbox 1096 2198 1240 2237; x_wconf 75' lang='lat' dir='ltr'>Lugul·ris</span> <span class='ocrx_word' id='word_1_467' title='bbox 1254 2196 1378 2237; x_wconf 78' lang='lat' dir='ltr'>sceleris]</span> <span class='ocrx_word' id='word_1_468' title='bbox 1398 2194 1474 2227; x_wconf 83' lang='lat' dir='ltr'>Haee</span> <span class='ocrx_word' id='word_1_469' title='bbox 1483 2196 1624 2228; x_wconf 81' lang='lat' dir='ltr'>mendosa</span> <span class='ocrx_word' id='word_1_470' title='bbox 1633 2207 1698 2228; x_wconf 86' lang='lat' dir='ltr'>esse</span> 
     </span>
     <span class='ocr_line' id='line_1_83' title="bbox 961 2237 1698 2277; baseline -0.003 -6"><span class='ocrx_word' id='word_1_471' title='bbox 961 2241 1032 2271; x_wconf 86' lang='lat' dir='ltr'>dicit</span> <span class='ocrx_word' id='word_1_472' title='bbox 1055 2239 1212 2277; x_wconf 84' lang='lat' dir='ltr'>Heinsius,</span> <span class='ocrx_word' id='word_1_473' title='bbox 1233 2240 1283 2270; x_wconf 84' lang='lat' dir='ltr'>sed</span> <span class='ocrx_word' id='word_1_474' title='bbox 1296 2241 1327 2270; x_wconf 89' lang='lat' dir='ltr'>in</span> <span class='ocrx_word' id='word_1_475' title='bbox 1342 2238 1435 2269; x_wconf 85' lang='lat' dir='ltr'>tribus</span> <span class='ocrx_word' id='word_1_476' title='bbox 1450 2237 1550 2270; x_wconf 89' lang='lat' dir='ltr'>MSS.</span> <span class='ocrx_word' id='word_1_477' title='bbox 1572 2239 1698 2276; x_wconf 85' lang='lat' dir='ltr'>invenit,</span> 
     </span>
     <span class='ocr_line' id='line_1_84' title="bbox 961 2281 1698 2322; baseline -0.003 -9"><span class='ocrx_word' id='word_1_478' title='bbox 961 2283 1092 2322; x_wconf 66' lang='lat' dir='ltr'>lugubris</span> <span class='ocrx_word' id='word_1_479' title='bbox 1101 2283 1211 2319; x_wconf 82' lang='lat' dir='ltr'>sceleri,</span> <span class='ocrx_word' id='word_1_480' title='bbox 1235 2282 1254 2311; x_wconf 92' lang='lat' dir='ltr'>i.</span> <span class='ocrx_word' id='word_1_481' title='bbox 1266 2293 1293 2312; x_wconf 91' lang='lat' dir='ltr'>e.</span> <span class='ocrx_word' id='word_1_482' title='bbox 1310 2289 1357 2312; x_wconf 78' lang='lat' dir='ltr'>ara</span> <span class='ocrx_word' id='word_1_483' title='bbox 1378 2281 1495 2322; x_wconf 85' lang='lat' dir='ltr'>lugens,</span> <span class='ocrx_word' id='word_1_484' title='bbox 1513 2292 1566 2312; x_wconf 89' lang='lat' dir='ltr'>seu</span> <span class='ocrx_word' id='word_1_485' title='bbox 1585 2281 1698 2312; x_wconf 84' lang='lat' dir='ltr'>luctum</span> 
     </span>
     <span class='ocr_line' id='line_1_85' title="bbox 960 2322 1699 2366; baseline -0.001 -12"><span class='ocrx_word' id='word_1_486' title='bbox 960 2324 1069 2361; x_wconf 87' lang='lat' dir='ltr'>serens,</span> <span class='ocrx_word' id='word_1_487' title='bbox 1084 2333 1202 2366; x_wconf 88' lang='lat' dir='ltr'>propter</span> <span class='ocrx_word' id='word_1_488' title='bbox 1215 2324 1310 2354; x_wconf 80' lang='lat' dir='ltr'>scelus</span> <span class='ocrx_word' id='word_1_489' title='bbox 1330 2325 1361 2354; x_wconf 90' lang='lat' dir='ltr'>in</span> <span class='ocrx_word' id='word_1_490' title='bbox 1381 2324 1416 2353; x_wconf 69' lang='lat' dir='ltr'>ea</span> <span class='ocrx_word' id='word_1_491' title='bbox 1424 2323 1622 2354; x_wconf 89' lang='lat' dir='ltr'>commissum.</span> <span class='ocrx_word' id='word_1_492' title='bbox 1666 2322 1699 2353; x_wconf 78' lang='lat' dir='ltr'>Si</span> 
     </span>
     <span class='ocr_line' id='line_1_86' title="bbox 960 2365 1700 2408; baseline -0.001 -12"><span class='ocrx_word' id='word_1_493' title='bbox 960 2366 1075 2408; x_wconf 80' lang='lat' dir='ltr'>legatur</span> <span class='ocrx_word' id='word_1_494' title='bbox 1090 2367 1212 2403; x_wconf 67' lang='lat' dir='ltr'>sceleris,</span> <span class='ocrx_word' id='word_1_495' title='bbox 1234 2366 1358 2397; x_wconf 82' lang='lat' dir='ltr'>subaudi</span> <span class='ocrx_word' id='word_1_496' title='bbox 1373 2365 1475 2403; x_wconf 71' lang='lat' dir='ltr'>camd,</span> <span class='ocrx_word' id='word_1_497' title='bbox 1497 2365 1601 2396; x_wconf 87' lang='lat' dir='ltr'>eodem</span> <span class='ocrx_word' id='word_1_498' title='bbox 1617 2375 1700 2406; x_wconf 86' lang='lat' dir='ltr'>pror-</span> 
     </span>
     <span class='ocr_line' id='line_1_87' title="bbox 962 2419 1124 2438; baseline 0.006 -1"><span class='ocrx_word' id='word_1_499' title='bbox 962 2419 1012 2438; x_wconf 77' lang='lat' dir='ltr'>sus</span> <span class='ocrx_word' id='word_1_500' title='bbox 1026 2419 1124 2438; x_wconf 87' lang='lat' dir='ltr'>sensu.</span> 
     </span>
    </p>

    <p class='ocr_par' dir='ltr' id='par_1_37' title="bbox 964 2447 1699 2534">
     <span class='ocr_line' id='line_1_88' title="bbox 1005 2447 1699 2492; baseline -0.003 -12"><span class='ocrx_word' id='word_1_501' title='bbox 1005 2456 1022 2480; x_wconf 76' lang='lat'>2</span> <span class='ocrx_word' id='word_1_502' title='bbox 1029 2457 1044 2480; x_wconf 80' lang='lat'><em>2</em></span> <span class='ocrx_word' id='word_1_503' title='bbox 1050 2456 1064 2486; x_wconf 90' lang='lat'>7</span> <span class='ocrx_word' id='word_1_504' title='bbox 1070 2471 1078 2480; x_wconf 86' lang='lat'><strong>.</strong></span> <span class='ocrx_word' id='word_1_505' title='bbox 1088 2450 1117 2481; x_wconf 89' lang='lat' dir='ltr'><em>A</em></span> <span class='ocrx_word' id='word_1_506' title='bbox 1119 2449 1331 2490; x_wconf 75' lang='lat' dir='ltr'>malhusiacas]</span> <span class='ocrx_word' id='word_1_507' title='bbox 1353 2449 1492 2492; x_wconf 75' lang='lat' dir='ltr'>Cyprias.</span> <span class='ocrx_word' id='word_1_508' title='bbox 1498 2447 1578 2480; x_wconf 85' lang='lat' dir='ltr'>Nam</span> <span class='ocrx_word' id='word_1_509' title='bbox 1585 2447 1699 2490; x_wconf 67' lang='lat' dir='ltr'>Cyprus</span> 
     </span>
     <span class='ocr_line' id='line_1_89' title="bbox 964 2492 1478 2534; baseline 0 -11"><span class='ocrx_word' id='word_1_510' title='bbox 964 2493 1140 2524; x_wconf 81' lang='lat' dir='ltr'>Amathusia</span> <span class='ocrx_word' id='word_1_511' title='bbox 1155 2493 1243 2523; x_wconf 81' lang='lat' dir='ltr'>etiam</span> <span class='ocrx_word' id='word_1_512' title='bbox 1255 2492 1312 2523; x_wconf 85' lang='lat' dir='ltr'>fuit</span> <span class='ocrx_word' id='word_1_513' title='bbox 1322 2492 1478 2534; x_wconf 78' lang='lat' dir='ltr'>appellata.</span> 
     </span>
    </p>

    <p class='ocr_par' dir='ltr' id='par_1_38' title="bbox 963 2531 1702 2661">
     <span class='ocr_line' id='line_1_90' title="bbox 1006 2531 1702 2576; baseline -0.006 -11"><span class='ocrx_word' id='word_1_514' title='bbox 1006 2541 1080 2567; x_wconf 77' lang='lat'><strong>229.</strong></span> <span class='ocrx_word' id='word_1_515' title='bbox 1096 2534 1255 2576; x_wconf 80' lang='lat' dir='ltr'>Ophiusia]</span> <span class='ocrx_word' id='word_1_516' title='bbox 1288 2533 1406 2576; x_wconf 82' lang='lat' dir='ltr'>Cypria.</span> <span class='ocrx_word' id='word_1_517' title='bbox 1435 2533 1528 2572; x_wconf 87' lang='lat' dir='ltr'>Cujus</span> <span class='ocrx_word' id='word_1_518' title='bbox 1539 2539 1637 2562; x_wconf 83' lang='lat' dir='ltr'>tamen</span> <span class='ocrx_word' id='word_1_519' title='bbox 1647 2531 1702 2562; x_wconf 77' lang='lat' dir='ltr'>no-</span> 
     </span>
     <span class='ocr_line' id='line_1_91' title="bbox 963 2573 1702 2619; baseline -0.007 -12"><span class='ocrx_word' id='word_1_520' title='bbox 963 2578 1065 2614; x_wconf 82' lang='lat' dir='ltr'>minis,</span> <span class='ocrx_word' id='word_1_521' title='bbox 1074 2576 1172 2619; x_wconf 84' lang='lat' dir='ltr'>Cypro</span> <span class='ocrx_word' id='word_1_522' title='bbox 1184 2578 1393 2618; x_wconf 81' lang='lat' dir='ltr'>competentis,</span> <span class='ocrx_word' id='word_1_523' title='bbox 1406 2585 1501 2614; x_wconf 88' lang='lat' dir='ltr'>neque</span> <span class='ocrx_word' id='word_1_524' title='bbox 1516 2574 1631 2604; x_wconf 77' lang='lat' dir='ltr'>mentio</span> <span class='ocrx_word' id='word_1_525' title='bbox 1641 2573 1702 2604; x_wconf 72' lang='lat' dir='ltr'>ulla</span> 
     </span>
     <span class='ocr_line' id='line_1_92' title="bbox 965 2615 1702 2661; baseline -0.005 -12"><span class='ocrx_word' id='word_1_526' title='bbox 965 2619 1042 2660; x_wconf 87' lang='lat' dir='ltr'>apud</span> <span class='ocrx_word' id='word_1_527' title='bbox 1063 2618 1260 2661; x_wconf 86' lang='lat' dir='ltr'>geographos,</span> <span class='ocrx_word' id='word_1_528' title='bbox 1282 2628 1379 2659; x_wconf 83' lang='lat' dir='ltr'>neque</span> <span class='ocrx_word' id='word_1_529' title='bbox 1407 2617 1481 2647; x_wconf 75' lang='lat' dir='ltr'>ratio</span> <span class='ocrx_word' id='word_1_530' title='bbox 1509 2615 1588 2659; x_wconf 76' lang='lat' dir='ltr'>apud</span> <span class='ocrx_word' id='word_1_531' title='bbox 1609 2615 1702 2647; x_wconf 85' lang='lat' dir='ltr'>inter-</span> 
     </span>
    </p>

    <p class='ocr_par' dir='ltr' id='par_1_39' title="bbox 961 2669 1476 2744">
     <span class='ocr_line' id='line_1_93' title="bbox 982 2669 1068 2692; baseline 0 0"><span class='ocrx_word' id='word_1_532' title='bbox 982 2669 1068 2692; x_wconf 83' lang='lat' dir='ltr'>retes.</span> 
     </span>
     <span class='ocr_line' id='line_1_94' title="bbox 961 2672 1476 2744; baseline -0.008 -8"><span class='ocrx_word' id='word_1_533' title='bbox 961 2672 980 2704; x_wconf 73' lang='lat' dir='ltr'><strong>p</strong></span> <span class='ocrx_word' id='word_1_534' title='bbox 1005 2709 1079 2735; x_wconf 78' lang='lat'><strong>232.</strong></span> <span class='ocrx_word' id='word_1_535' title='bbox 1097 2702 1177 2735; x_wconf 82' lang='lat' dir='ltr'>Gens</span> <span class='ocrx_word' id='word_1_536' title='bbox 1192 2700 1298 2744; x_wconf 80' lang='lat' dir='ltr'>impia]</span> <span class='ocrx_word' id='word_1_537' title='bbox 1338 2700 1476 2732; x_wconf 77' lang='lat' dir='ltr'>Cerastoe.</span> 
     </span>
    </p>
   </div>
  </div>
 </body>
</html>
