1824 2991
622 86 1023 144 METAMORPH.
1052 102 1149 143 Lm.
1172 102 1246 144 lx.

1610 106 1690 144 261

161 193 250 235 Nec
263 190 404 234 modus
415 198 494 233 est:
515 191 676 232 sorbent
688 191 822 232 avidae-
834 191 1055 246 praecordia
1075 191 1272 232 flammae:
1289 188 1400 239 Neque
1416 201 1553 221 mensum
1566 198 1610 221 0⁸¹
1624 201 1631 220 ²
1644 191 1690 232 ig—

161 249 454 302 Coeruleusque
474 247 562 288 fluit
580 256 666 288 toto
686 248 735 288 de
756 261 924 302 corpore
944 248 1087 290 sudor:

158 303 429 358 Ambustique
449 310 594 344 sonant
610 303 720 344 nervi
739 319 748 344 :
783 307 977 358 caecaque
989 303 1179 344 medullis

157 361 271 402 Tabe
290 360 530 414 liquefactis,
545 359 714 400 tendens
729 359 778 400 ad
794 360 920 400 sidera
936 361 1103 415 palmaS‚

157 416 362 466 Cladibus,
378 417 592 466 exclamat,
612 415 815 466 Saturnia,
834 431 996 471 pascere
1012 416 1176 459 nostris:

1293 243 1337 262 nis
1352 242 1438 273 rapax
1452 231 1586 263 exhaurit
1599 233 1688 262 viace-

1292 285 1336 304 ηις
1352 281 1383 304 et
1397 274 1485 304 sudor
1504 284 1565 305 ater
1587 282 1687 306 manat

1292 327 1329 345 ex
1343 323 1407 346 toto
1421 327 1540 356 corpore
1554 331 1561 352 ς
1576 323 1605 346 et
1620 327 1687 346 ner·

1197 361 1274 410 175
1293 358 1320 387 vi
1337 358 1405 387 tosti
1419 358 1563 394 strident;
1581 366 1610 387 et
1623 368 1687 388 me-

1293 399 1378 429 dullis
1400 399 1560 429 fluentibus
1577 400 1687 429 latente

1293 448 1389 481 peste,
1405 441 1510 471 tollens
1533 452 1635 471 manus
1651 440 1688 471 ad

157 473 344 523 Pascere3
360 483 400 512 et
415 473 518 513 hanc
535 480 689 527 pestem
707 482 856 526 specta,
872 473 1059 524 crudelis,
1077 473 1128 514 ab
1143 474 1245 523 alt03
1293 493 1369 513 astra
1385 483 1540 520 exclamat,
1567 482 1686 519 Gaude,

157 530 318 584 Corque
339 530 468 569 ferum
490 529 601 570 satia.

161 586 320 640 (Hostis
336 585 446 626 enim
465 585 537 638 tibi
559 586 665 636 sum)
691 585 785 626 diris
806 585 1049 627 cruciatibus
1065 600 1232 640 aegram,

660 529 736 569 Vel
752 530 783 570 Si
800 529 1049 571 miserandus
1070 538 1108 570 et
1124 530 1243 580 hosti,
1292 524 1687 562 Jun0,nostrisinfortuniis,

1293 576 1380 607 atque
1395 578 1468 596 saeva
1484 567 1686 608 contemplare

1292 607 1369 638 hanc
1384 610 1493 639 rabiem
1508 609 1544 638 ab
1561 608 1690 644 excels05

155 642 411 696 Invisamque
421 642 615 691 animam,
626 643 1276 697 natamquelaboribusaufer.180
1293 658 1324 680 et
1358 650 1444 691 exple
1479 660 1528 681 cor
1559 651 1688 680 crudele.

157 698 271 740 Mors
292 699 394 739 mihi
415 713 561 739 munus
583 699 688 740 erit„
714 699 851 740 Decet
864 699 953 740 haec
975 700 1067 740 dare
1083 700 1188 741 dona
1203 713 1275 760 no-

329 769 503 796 vescam.

158 810 270 865 Ergo
288 825 364 865 ego
385 812 607 852 foedantem
621 811 834 865 peregrino
852 813 1006 866 templa
1021 825 1161 853 cruore

157 867 320 908 Busirin
338 867 476 908 domui
493 868 506 907 ?
538 881 729 922 saevoque
745 868 939 909 alimenta
958 869 1133 922 parentis

162 925 307 964 Antaeo
327 923 478 977 eripui?
511 938 587 964 nec
607 938 673 964 me
694 923 859 977 pastoris
880 924 987 964 Iberi

1294 692 1350 723 Vel
1377 694 1400 722 si
1424 692 1603 722 miserandus
1619 703 1685 722 sum

1293 736 1380 765 etiam
1418 735 1509 771 hosti,
1545 734 1687 774 (iramque

1293 788 1358 807 sum
1375 776 1431 806 vbi
1445 776 1548 815 hostis)
1572 776 1642 806 tolle
1657 787 1689 806 a-

1294 821 1404 849 nimam
1430 818 1599 849 exhaustam
1621 829 1688 848 cru-

1293 861 1407 890 delibus
1419 861 1581 895 doloribus,
1596 868 1686 900 atque

1294 903 1345 932 tihi
1358 903 1502 939 odiosam,
1519 911 1549 932 ct
1578 901 1687 932 faciam

1293 945 1328 973 ad
1344 945 1465 974 labores.
1508 942 1618 974 Letum
1634 945 1690 974 erit

159 979 308 1021 Forma
339 980 499 1034 tripla,
534 994 610 1020 nec
643 982 772 1021 forma
799 980 946 1035 triplex
976 988 1058 1031 tua,
1088 980 1277 1032 Cerbere,
1294 984 1368 1016 mihi
1393 986 1583 1016 beneficium·
1617 984 1690 1016 Pul·

332 1036 458 1077 movit
474 1036 488 1076 ?

160 1091 307 1142 Vosne,
329 1106 484 1143 manus,
506 1090 627 1132 validi
649 1091 842 1145 pressistis
862 1106 1012 1134 cornua
1027 1093 1128 1134 tauri
1147 1094 1161 1133 ?

1198 1043 1214 1078 1
1221 1042 1247 1076 3
1251 1042 1274 1078 5
1294 1027 1398 1058 chrum
1411 1036 1454 1058 est
1471 1037 1602 1058 novercas
1611 1027 1690 1066 ejus-

1295 1070 1375 1099 modi
1404 1070 1536 1110 praebere
1555 1079 1693 1100 munera..

1295 1110 1364 1151 Ego
1380 1113 1468 1152 igitur
1483 1112 1616 1152 superavi
1627 1110 1690 1141 Bu-

158 1148 348 1190 Vestrum
376 1163 475 1203 opus
495 1147 584 1189 Elis
614 1147 751 1199 habet,
781 1156 958 1190 vestrum
979 1149 1279 1205 Stymphalides
1296 1153 1376 1182 sirim
1409 1152 1520 1193 templa
1555 1153 1691 1193 polinen-

330 1206 464 1257 undae,

1295 1203 1358 1224 tem
1366 1193 1518 1235 hospitum
1530 1195 1690 1235 sanguine?

1296 1245 1386 1276 atque
1432 1236 1543 1267 crudeli
1580 1237 1690 1267 Antaeo

1296 1278 1403 1308 abstuli
1416 1277 1556 1308 auxilium
1570 1278 1690 1308 matris?

157 1328 253 1359 neque
266 1317 374 1359 triplex
388 1328 492 1358 corpus
503 1318 626 1358 pastoris
637 1317 729 1355 Iberi,
745 1328 843 1358 neque
856 1318 948 1358 figura
963 1325 1014 1349 tua
1025 1319 1163 1350 triformis
1179 1329 1226 1349 me
1241 1321 1376 1360 perculit,
1389 1319 1536 1350 cerbere?
1574 1319 1690 1358 Vosne,

158 1362 178 1391 ό
204 1370 307 1390 manus
332 1370 418 1396 meoe,
446 1360 557 1400 ligastis
583 1370 693 1391 cornua
717 1360 802 1391 fortis
825 1361 921 1391 tauri?
967 1362 1019 1391 An
1032 1361 1097 1393 Elis
1122 1362 1214 1392 sensit
1235 1369 1363 1393 vestrum
1387 1362 1530 1400 laborem,
1554 1373 1592 1393 au
1605 1372 1690 1403 aquae

158 1400 376 1444 Stymphalides
387 1403 517 1444 insuper,

851 1538 993 1571 NOTAE.

202 1606 273 1651 1736.
287 1616 443 1656 Saturnia]
454 1615 475 1647 J
477 1627 537 1647 uno
547 1617 679 1646 nocitura
691 1622 724 1646 ut
735 1615 897 1658 plurimum

102 1660 108 1662 ⁷
155 1657 295 1689 Saturnia
309 1659 326 1689 Ξι
341 1657 437 1689 Poetis
444 1659 615 1699 appellatur.

198 1701 317 1735 178.Si
333 1701 512 1731 miserandus
527 1706 553 1730 et
564 1701 638 1730 hosti
644 1699 658 1739 ]
677 1698 756 1734 Quae
768 1706 898 1728 extrema

125 1743 128 1745 ’
159 1750 203 1772 est
218 1743 352 1772 miseria:

205 1790 274 1815 183.
298 1783 433 1823 Busirin]
465 1782 589 1825 AEgypti
617 1793 668 1812 rex
695 1781 752 1813 fuit
775 1780 901 1818 Busiris,

159 1823 297 1866 Neptuni
307 1835 344 1855 ex
357 1824 452 1867 Libys
467 1824 556 1862 filius',
571 1825 622 1864 qui
638 1824 673 1854 ad
689 1825 900 1865 provocandam

157 1866 221 1897 Nili
234 1867 469 1903 inundationem,
488 1865 621 1908 hospites
642 1867 698 1895 aris
711 1866 881 1896 admovebat
892 1880 900 1902 ;

157 1908 214 1940 hac
227 1909 323 1939 unain
338 1916 418 1950 parte
426 1909 538 1949 justus,
550 1907 629 1948 quod
637 1906 794 1938 Thrasium
807 1919 901 1949 queu-

158 1951 224 1981 dam
241 1959 299 1980 tam
325 1951 429 1981 atrocis
455 1949 592 1980 facinoris
614 1959 749 1980 autorem
771 1951 899 1991 primum

156 1992 329 2023 immolavit.
372 1992 460 2023 Illum
477 1999 576 2022 autem
601 2002 688 2033 super
711 1992 815 2022 iisdem
831 1993 899 2029 aris,

157 2034 266 2074 quibus
277 2034 416 2065 scelestus
427 2034 542 2065 solebat
552 2034 735 2076 peregrinos,
754 2033 900 2066 Hercules

152 2076 308 2117 jugulavit.

201 2116 249 2148 Ib.
264 2117 411 2157 Parentis]
427 2118 523 2149 Terrae
532 2119 646 2150 matris.

200 2157 249 2190 Ib.
280 2158 445 2200 Alimenta]
472 2161 560 2191 Vires
583 2165 735 2191 renovatas
756 2171 793 2191 ex
817 2165 900 2191 tactu

157 2209 252 2232 terroe.
654 2212 656 2214 ’

202 2249 214 2273 1
223 2249 274 2273 84.
284 2242 406 2284 Antoeo]
424 2242 517 2275 Hunc
527 2244 630 2274 volunt
644 2243 735 2275 tuisse
746 2246 897 2287 gigantem

158 2285 191 2316 in
201 2283 368 2326 Libya,qu·1
383 2287 550 2327 peregrinos
565 2286 717 2327 quoslibet
737 2287 773 2317 ad
788 2287 897 2318 luctam

156 2336 339 2369 provocatos,
362 2328 431 2358 dein
458 2329 551 2359 victos
572 2328 775 2359 interficiebat.
818 2328 897 2359 Cum

158 2377 243 2400 term
255 2378 333 2400 esset
350 2370 437 2407 lilius,
451 2371 524 2401 vires
539 2371 575 2402 ab
587 2371 648 2408 ina,
663 2372 898 2411 quotiescunque

115 2418 118 2421 ’
158 2417 347 2449 sterneretur,
374 2413 554 2454 accipiebat;
586 2413 779 2453 quamobrem
803 2413 897 2454 gravis

159 2462 278 2493 quoque
291 2452 414 2485 Herculi
440 2454 496 2485 fuit
511 2465 580 2486 cum
600 2455 652 2485 illo
665 2465 774 2497 pugna.
817 2454 899 2486 Dolo

159 2500 259 2567 ωέεη
269 2497 388 2544 cognito
400 2497 418 2529 ὲ
431 2498 507 2530 terra
515 2497 666 2531 sublatum
676 2498 801 2531 invictus
811 2495 899 2530 heros

159 2545 194 2567 Su
218 2544 320 2570 mit·

986 1621 1055 1645 184.
1068 1615 1212 1656 Pastoris]
1230 1615 1399 1657 Geryonem
1411 1616 1494 1653 dicit,
1503 1616 1570 1646 ideo
1584 1616 1688 1647 tricor·

939 1666 1041 1697 porem
1066 1658 1083 1687 ὲ
1103 1659 1198 1698 poetis
1215 1658 1340 1695 dictum,
1357 1658 1437 1697 quod
1461 1659 1515 1687 tria
1542 1659 1572 1687 in
1589 1657 1689 1689 Iberis

940 1706 990 1728 aut
1000 1697 1158 1739 Hispania,
1170 1709 1272 1740 regna,
1287 1710 1342 1729 seu
1353 1699 1555 1738 adjacentibus
1571 1700 1690 1738 insulis,

944 1750 1013 1770 cum
1028 1740 1143 1771 duobus
1158 1740 1294 1772 fratribus
1310 1741 1539 1772 concordissime
1563 1740 1690 1772 admini-

944 1789 1060 1813 straret.

989 1831 1058 1855 185.
1077 1823 1208 1865 cert-ere]
1227 1824 1290 1858 Qui
1307 1825 1387 1854 cauis
1405 1823 1463 1854 fuit
1477 1824 1598 1865 triceps,
1606 1834 1686 1854 non·
1735 1822 1739 1823 ⁷
1756 1812 1762 1823 ¹

941 1866 1032 1896 nullis
1045 1868 1206 1908 centiceps,
1221 1866 1381 1897 inferorum
1397 1873 1508 1904 custos,
1523 1865 1686 1908 Eurysthei

937 1909 1024 1948 jussu
1037 1909 1074 1939 ad
1087 1919 1208 1950 superos
1222 1915 1396 1950 pertractus.
1430 1935 1432 1937 ,

987 1957 999 1980 1
1008 1955 1057 1981 86.
1069 1951 1181 1991 Tauri]
1207 1950 1395 1993 lgnivomum
1411 1949 1497 1981 illum
1511 1949 1584 1980 dicit
1598 1947 1686 1990 Nep·

942 1993 1010 2023 tuni
1027 1993 1068 2023 ira
1091 1993 1224 2023 adversus
1240 1991 1377 2023 Minoem
1398 1993 1576 2028 immissum,
1595 2003 1685 2032 quem

940 2034 976 2065 ad
990 2045 1022 2065 se
1035 2034 1178 2066 adducere
1191 2034 1449 2074 Herculemjussit
1461 2032 1656 2075 Eurystheus.

987 2082 1057 2112 187.
1074 2077 1221 2117 Vestrum]
1239 2076 1355 2117 Augeae
1377 2086 1486 2117 nempe
1503 2077 1580 2117 regis
1590 2074 1686 2106 Elidis

942 2120 973 2149 in
987 2116 1207 2160 Peloponnesos
1221 2118 1368 2155 tabulum,
1398 2119 1427 2148 in
1441 2128 1501 2157 quo
1523 2119 1578 2147 tria
1594 2117 1686 2148 bourn

941 2160 1033 2192 millia
1052 2172 1105 2202 per
1124 2171 1215 2192 annos
1247 2161 1380 2201 triginta,
1404 2170 1556 2200 nunquam
1584 2167 1687 2200 egesto

941 2203 1012 2233 fimo
1022 2203 1167 2234 stabulata
1180 2202 1308 2239 fuerant,
1330 2211 1391 2231 uno
1406 2202 1466 2239 die,
1486 2201 1619 2232 immisso
1631 2201 1687 2232 Al·

939 2243 1030 2287 pheo,
1044 2245 1080 2275 ab
1098 2244 1230 2275 Hercule
1245 2250 1452 2285 expurgatum.

979 2284 1030 2318 Ib.
1050 2286 1285 2329 Stymphalides]
1311 2284 1381 2316 Fuit
1403 2284 1604 2327 Stymphalus‚
1631 2295 1684 2316 seu

941 2328 1136 2371 Stymphalis,
1161 2329 1222 2370 agri
1245 2324 1382 2359 Arcadici
1405 2328 1486 2358 lacus
1512 2335 1542 2358 et
1565 2327 1687 2366 fluviu55

939 2371 992 2402 ubi
1010 2382 1077 2402 aves
1091 2371 1208 2402 fuerant
1221 2371 1308 2407 miras,
1327 2370 1551 2411 magnitudinis,
1580 2377 1683 2406 rostro,

941 2414 1102 2455 unguibus,
1123 2420 1154 2443 et
1165 2413 1272 2455 pennis
1285 2412 1397 2450 ferreis,
1415 2411 1551 2442 humanis
1566 2420 1684 2442 vescen-

940 2463 986 2486 tes
999 2456 1148 2493 carnibus,
1163 2465 1236 2496 quas
1256 2453 1404 2485 Hercules
1429 2454 1537 2487 occidit
1562 2453 1681 2495 partim,

942 2498 1050 2540 partim
1064 2498 1131 2532 aeris
1146 2498 1260 2530 tinnitu
1277 2496 1398 2540 fugavit.
