1824 2991
847 41 857 58 Ι

555 92 954 182 METAMoRPH.
985 129 1085 173 Lm.
1105 129 1182 175 IX.

127 218 333 276 Contigit!
364 227 410 261 ut
422 217 535 274 jacui
554 219 647 261 totis
664 220 835 260 resoluta
852 220 1063 267 medullis!

128 279 186 320 Ut
205 275 582 330 meminissejuvat!
604 276 787 331 quamvis
810 277 935 327 brevis
954 277 1022 318 illa
1039 278 1235 331 voluptas,

126 333 265 388 Noxq3
282 333 361 374 fuit
376 346 568 387 praecep5,
589 341 630 372 et
650 332 795 387 coeptis
816 332 951 373 invida
967 333 1122 375 nostri&
1150 337 1233 374 485

125 391 166 433 Ο
185 404 276 445 ego,
294 389 328 431 si
347 389 468 430 liceat
487 397 643 437 mutato
668 389 834 429 nomine
852 387 981 443 jungi,

123 441 262 492 Quam
274 447 389 496 bene,
400 445 431 485 C
434 459 552 494 aune,
562 452 631 485 tuo
639 441 821 499 poteram
832 459 953 486 nurus
964 460 1047 487 esse
1057 446 1212 501 parenti
1226 446 1234 487 !

1567 133 1651 185 273

1252 230 1300 250 me
1311 220 1455 254 delectat!
1469 230 1501 253 ut
1510 223 1593 263 jacui
1605 234 1651 254 re·

1250 263 1345 293 soluta
1360 266 1428 294 totis
1442 265 1600 296 medullis!
1616 273 1652 297 ut

1251 304 1376 336 delectat
1389 307 1529 338 recordari
1541 311 1547 338 ἔ
1561 319 1656 349 quan-

1253 357 1342 386 quam
1372 348 1422 378 illa
1448 349 1556 390 gaudia
1590 359 1655 380 mo-

1255 396 1420 426 mentanea,
1458 398 1546 431 atque
1591 403 1651 423 nox

1255 429 1310 460 fuit
1336 432 1528 469 velocissima,
1555 441 1584 463 et
1604 435 1654 468 jn-

1254 473 1317 502 vida
1333 475 1437 504 nostris
1452 475 1569 515 coeptis.
1610 475 1652 513 O,

126 501 655 561 Quamme,Caune,mco
665 509 951 556 poterasgener
961 517 1048 543 esse
1057 502 1234 557 parenti!
1255 516 1276 544 si
1297 516 1339 545 sas
1361 517 1398 546 sit
1420 517 1574 546 convenire
1598 527 1651 546 no-

126 554 378 610 ommam
399 559 591 610 facerent,
611 567 742 598 essent
762 558 998 599 communia
1018 559 1146 608 nobis,

125 615 278 658 Praeter
295 629 400 656 avos.
429 614 495 655 Tu
517 629 583 663 me
603 616 751 655 vellem
771 615 1002 668 generosior
1016 629 1130 658 esses,
1151 619 1236 657 490
1253 610 1273 681 g

1255 557 1334 587 mine
1344 566 1469 594 mutatu,
1476 558 1563 599 quam
1573 559 1652 589 bene

1275 608 1387 630 oteram
1407 610 1470 630 esse
1488 611 1578 631 nurus
1600 609 1652 632 tuo

1274 643 1340 678 atri,
1370 641 1472 672 Caune
1487 642 1493 671 Ε
1552 642 1654 677 Quam

92 718 95 719 ⁷
126 672 280 715 Nescio
298 686 420 727 quam
442 671 564 712 facies
581 671 717 725 igitur,
733 671 1021 725 pulcherrime,
1041 681 1235 715 matrem:
1254 684 1329 713 bene:
1345 691 1460 733 poteras
1474 695 1537 714 esse
1560 695 1656 733 gener

124 730 182 771 At
200 728 318 779 mihi,
336 743 428 784 quae
449 729 555 768 male
569 742 674 778 sum,
692 742 790 783 quos
809 736 868 778 tu,
886 728 1023 770 sortita
1039 738 1237 783 parentes,
1254 736 1322 755 '¹²²⁰
1335 733 1422 767 pam,
1440 726 1565 757 caune!
1595 735 1655 757 uu-

125 785 199 827 Nil
225 784 304 827 nisi
331 786 452 826 frater
478 784 570 826 eris.
627 779 754 829 Quo&
780 785 907 836 obest,
934 785 976 826 id
995 785 1237 827 habebimus

299 856 443 888 unum.

126 898 239 943 Quid
259 898 363 940 mihi
381 897 611 951 significant
631 910 725 950 ergo
739 911 830 938 mea
847 891 951 938 uisa?
974 899 1082 953 quod
1101 907 1235 940 autem

1256 778 1323 797 nam
1349 767 1399 798 Dii
1422 777 1598 806 annuerent,
1620 776 1656 800 ut

1255 811 1354 840 omnia
1366 820 1463 840 essent
1477 811 1560 841 nobis
1575 822 1657 842 com-

1255 853 1367 889 munia,
1379 861 1484 893 praeter
1494 864 1571 883 avos.
1594 853 1660 900 Op-

1255 902 1345 924 tarem
1361 902 1393 924 tu
1409 906 1456 924 me
1473 905 1549 925 esses
1565 896 1656 936 stirpe

1202 957 1210 965 .
1255 936 1391 966 nobiliori
1407 937 1555 968 oriundus.
1592 937 1658 968 Ne-

128 954 299 997 Somnia
331 955 488 1009 pondus
518 954 699 995 habent?
740 968 791 995 an
824 955 975 996 habent
1009 964 1051 997 et
1081 971 1238 997 somma
1254 979 1315 1008 scio
1338 979 1429 1019 igin„
1447 989 1583 1019 quaenam
1605 987 1659 1021 per

301 1011 485 1066 pondus?

129 1067 187 1110 Di
202 1066 370 1109 melius!
387 1065 466 1108 'Di
485 1081 634 1130 nempe
653 1081 744 1108 suas
763 1067 940 1108 habuere
959 1083 1125 1110 sorores.

129 1125 201 1166 Sic
223 1124 418 1165 Saturnus
437 1123 564 1178 Opim
580 1132 768 1178 junctam
795 1123 873 1164 sibi
892 1125 1089 1178 sanguine
1110 1126 1238 1176 duxit,

127 1181 316 1222 Oceanus
342 1180 519 1234 Tethyn,
537 1182 746 1222 junonem
767 1188 897 1220 rector
914 1181 1094 1235 Olympi.
1129 1188 1132 1191 ’

127 1236 415 1291 SuntbSuperis
431 1251 502 1277 sua
516 1235 623 1292 jura.
680 1235 794 1280 Quid
812 1236 863 1277 ad
884 1238 1064 1278 coelestia
1084 1238 1181 1279 ritus

126 1293 304 1348 Exigere
322 1294 535 1343 humanos,
551 1293 784 1348 diversaque
803 1293 956 1334 foedera
975 1296 1114 1335 tento?

128 1352 214 1392 Aut
235 1358 370 1391 nostro
388 1350 531 1390 vetitus
552 1340 601 1390 de
621 1350 742 1391 eorde
760 1351 968 1404 fugabitur
984 1351 1101 1391 ardor
1117 1368 1127 1393 ε

1152 1019 1235 1054 495
1255 1029 1284 1049 te
1307 1028 1402 1050 mater
1424 1021 1484 1058 fiet,
1506 1021 1660 1052 formosis-

1255 1062 1328 1091 sime
1341 1076 1348 1097 ;
1363 1070 1392 1092 at
1407 1061 1493 1099 mihi,
1502 1074 1569 1103 quoe
1581 1065 1657 1094 male

1196 1125 1204 1134 .
1255 1102 1346 1133 habui
1375 1103 1493 1134 eosdem
1520 1114 1658 1145 parentes

1257 1155 1330 1185 quos
1347 1154 1380 1174 tu
1395 1147 1512 1176 sortitus
1526 1157 1565 1183 es,
1583 1147 1660 1179 nihil

1257 1188 1313 1217 eris
1337 1188 1392 1217 nisi
1414 1187 1513 1219 frater.
1556 1188 1660 1220 Habe-

1257 1229 1354 1259 bimus
1384 1229 1414 1259 id
1450 1241 1542 1261 unum
1578 1232 1658 1272 quod

1257 1280 1353 1302 nocet.
1396 1270 1482 1306 Quid
1496 1283 1566 1315 ergo
1581 1273 1658 1305 mihi

1155 1300 1239 1337 500
1256 1313 1411 1355 designant
1461 1325 1527 1345 mea
1569 1317 1658 1347 visa?

1257 1355 1357 1390 Quam
1369 1357 1428 1387 vim
1437 1366 1539 1388 autem
1549 1357 1662 1390 habent

126 1408 224 1457 Aut,
243 1406 322 1448 hoc
341 1407 374 1447 si
395 1420 566 1461 nequeO,
586 1420 747 1461 peream
767 1421 910 1461 precor
928 1409 1022 1448 ante
1038 1423 1050 1458 3
1071 1417 1238 1464 toroque
1255 1400 1352 1428 ⁵⁰m¹s¹
1376 1400 1540 1440 ³¹¹¹²¹3¹¹¹⁶⁵·²
1564 1412 1602 1430 ³¹¹
1628 1408 1660 1433 εἰ

129 1463 295 1506 Mortua
315 1477 553 1517 componam
574 1463 796 1517 positaeque
817 1463 886 1503 det
905 1466 1042 1505 oscula
1057 1465 1188 1508 frater.

129 1520 186 1561 Et
206 1528 341 1560 tamen
362 1520 572 1561 arbitrium
590 1520 734 1574 quaerit
755 1533 814 1560 res
831 1519 905 1560 ista
920 1520 1106 1562 duorum.

129 1575 434 1631 Finge-plaeere
450 1576 552 1617 mihi
570 1593 580 1618 :
601 1578 730 1617 scelus
743 1588 832 1629 jesse
843 1577 1045 1620 videbitur
1061 1578 1134 1620 illi.
1155 1583 1238 1622 505
1255 1577 1376 1596 ⁵⁰¹⁰''es'

136 1633 193 1673 At
213 1647 294 1674 non
314 1633 490 1674 AEolidae
502 1633 700 1674 thalamos
720 1632 893 1673 timuere
912 1648 1108 1676 sororum.
1144 1667 1148 1668 γ

130 1689 253 1730 Unde
270 1689 340 1730 sed
361 1689 433 1730 hos
455 1689 575 1730 novi?
609 1704 680 1730 cur
699 1689 790 1729 haec
810 1691 998 1744 exempla
1017 1690 1180 1745 paravi?
1368 1735 1374 1741 ‚
1634 1738 1656 1749 ..

131 1745 226 1793 Quo
235 1746 363 1787 feror?
373 1747 577 1787 obscoenae
588 1747 730 1801 procul
741 1745 837 1786 hinc
847 1745 1040 1788 discedite
1049 1747 1239 1797 flammae3
1257 1733 1376 1806 ff¹vmp¹
1391 1733 1556 1766 ³⁰⁰⁰¹¹⁶¹¹²·
1599 1736 1657 1770 Du

183 1817 204 1826 x

1255 1442 1352 1470 somni
1367 1441 1511 1492 imagines
1526 1443 1583 1473 vim
1604 1442 1660 1473 lia·

1255 1482 1348 1512 bent?
1380 1481 1435 1513 Di1
1449 1484 1573 1526 melius!
1601 1483 1658 1518 Dii

1256 1525 1396 1555 nimirum
1419 1526 1565 1556 duxerunt
1589 1537 1657 1559 suas

1432 1566 1496 1598 Sic·
1511 1567 1659 1601 Saturnus

1256 1608 1363 1639 habuit
1389 1607 1482 1650 Opim
1505 1610 1562 1640 sibi
1587 1621 1660 1642 con-

1250 1651 1387 1690 junctam
1406 1652 1564 1691 sanguine,
1580 1651 1660 1684 Oce-

1256 1703 1330 1722 anus
1344 1691 1476 1734 Tedryn,
1492 1694 1658 1728 moderator

1280 1769 1370 1806 abent
1383 1787 1436 1806 sua
1446 1777 1532 1815 jura;
1555 1789 1663 1819 quam-

1258 1818 1361 1848 obrem
1382 1829 1520 1859 comparo
1534 1830 1661 1853 consue·

1259 1859 1374 1890 tudines
1410 1860 1555 1893 humanas
1591 1874 1640 1895 cm

133 1899 315 1937 coelestibus,
337 1906 425 1941 atque
441 1900 541 1931 ambio
556 1901 651 1932 aliena
666 1900 800 1934 foedera?
853 1899 912 1932 Vel
934 1909 1015 1932 amor
1033 1899 1202 1943 prohibitus
1222 1902 1356 1942 ejicietur
1377 1914 1415 1934 ex
1437 1912 1537 1936 nostro
1555 1905 1659 1944 corde;

134 1941 191 1979 vei,
214 1943 238 1971 si
264 1942 342 1972 istud
359 1951 418 1972 non
438 1942 519 1981 licet,
541 1954 593 1974 oro
608 1945 688 1985 prius
710 1946 868 1980 inteream,
891 1951 922 1973 et
943 1951 1058 1974 mortua
1074 1944 1151 1975 lecto
1166 1945 1285 1982 condar,
1308 1952 1338 1974 et
1351 1943 1438 1976 frater
1450 1944 1552 1977 afferat
1563 1950 1663 1979 suavia

136 1985 320 2025 compositae.
363 1983 406 2014 Et
421 1992 522 2016 tamen
534 1996 579 2016 res
595 1987 650 2016 ista
665 1986 778 2027 indiget
794 1986 943 2016 voluntate
958 1985 1093 2017 duorum.
1135 1985 1212 2018 Puta
1228 1987 1341 2028 placere
1353 1987 1443 2018 mihi:
1461 1988 1606 2021 videbitur
1616 1991 1662 2021 illi

139 2024 233 2056 nefas.
278 2025 320 2056 At
334 2024 463 2057 AEolidae
482 2038 541 2057 non
563 2036 734 2059 metuerunt
754 2028 903 2058 connubia
924 2038 1067 2059 sororum.
1109 2027 1170 2059 Sed
1190 2030 1268 2059 unde
1288 2028 1342 2060 hos
1357 2030 1448 2060 novi?
1472 2032 1664 2070 quamobrem

139 2067 197 2098 ista
214 2067 350 2109 exempla
365 2076 432 2099 ante
447 2080 495 2100 me
510 2071 600 2101 statui
614 2071 627 2100 ?
673 2070 744 2106 Qu&
758 2081 811 2101 ruo
824 2072 835 2101 ?
880 2069 997 2112 Turpes
1010 2081 1122 2101 amores
1137 2081 1187 2101 vos
1201 2070 1272 2102 hinc
1286 2071 1390 2114 procul
1403 2072 1566 2104 amolimini
1572 2087 1581 2112 3

825 2161 969 2194 NOTAE.

176 2222 252 2249 490.
277 2216 462 2258 Generosim]
496 2217 657 2256 Nobiliori,
687 2227 777 2261 atque
805 2221 878 2251 adeo

68 2266 104 2298 *χ
131 2257 207 2295 ,81Ῑῂ
230 2259 322 2300 stirpe
344 2259 506 2291 oriundus:
542 2268 575 2290 ut
598 2261 710 2292 nullum
735 2262 877 2304 conjugii,

134 2300 215 2342 quod
244 2300 366 2343 optabat
388 2301 502 2343 Byblis,
528 2310 603 2334 esset
628 2313 681 2345 per
702 2305 877 2346 sanguinem

133 2341 390 2384 impedimentum.
750 2383 756 2388 .

173 2389 247 2417 496.
261 2385 317 2417 Dii
332 2385 444 2427 nempe]
464 2384 545 2416 Mire
561 2386 731 2417 fluctuantis
744 2394 774 2418 et
789 2396 877 2419 aestu-

132 2425 208 2457 amis
224 2427 355 2458 animum
369 2438 385 2458 e
427 2429 511 2457 ressit
524 2433 623 2470 poeta,
641 2431 709 2460 cum
726 2431 766 2460 ita
781 2432 877 2472 presse

113 2476 312 2499 „annuentem
335 2469 397 2501 eta
419 2479 559 2500 nuentem
584 2472 771 2513 excogitavit.
816 2471 877 2504 Sed

136 2509 168 2539 in
179 2509 371 2550 descriptione
387 2513 495 2542 nimius
510 2521 565 2543 est.

177 2555 250 2585 497.
266 2551 368 2592 Opim]
394 2552 472 2587 Quae
487 2553 564 2585 Coeli
581 2554 650 2591 lilia,
669 2554 735 2585 aliis
750 2557 878 2586 nomini-

135 2591 192 2622 bus
209 2591 327 2633 Cybele,
342 2594 434 2631 Rhea,
446 2596 563 2636 Mag-na
578 2597 679 2627 Mater
692 2607 806 2636 vocata,
821 2598 879 2629 sta·

135 2635 172 2663 tri
185 2632 312 2664 Saturno
327 2637 435 2676 nupsit.

179 2682 253 2708 499.
274 2676 400 2726 Tethyn]
430 2676 510 2712 Quae
533 2677 625 2710 Coeli'
640 2687 672 2712 et
691 2679 794 2714 Vestae
819 2682 878 2713 filia

135 2715 260 2748 oceano
273 2717 354 2749 fram
370 2720 479 2760 nupsit.
678 2727 682 2731 '

178 2759 340 2793 ⁴9⁹..Swn
350 2760 485 2804 Superis]
498 2760 581 2794 Deo·
595 2763 651 2796 sibi
667 2765 803 2808 exemplo
815 2776 878 2798 ene

920 2221 1027 2252 debere
1042 2229 1139 2261 negat.
1183 2223 1234 2254 An
1250 2234 1286 2254 ex
1300 2224 1399 2255 anirno
1414 2235 1483 2256 mox
1496 2223 1620 2267 patebit.

963 2262 1035 2295 506.
1063 2264 1202 2306 Diversa]
1237 2266 1306 2297 Alia
1330 2268 1409 2298 enim
1431 2267 1580 2307 Deorum,
1608 2267 1665 2301 alia

919 2304 1088 2336 hominum.

963 2354 1035 2379 504.
1058 2348 1100 2378 Et
1115 2348 1224 2390 lamen]
1250 2350 1272 2382 i.
1289 2359 1312 2380 e.
1332 2361 1502 2392 quanquam
1521 2362 1578 2394 ego
1591 2352 1665 2383 huic

919 2391 1010 2420 amori
1028 2390 1207 2432 indulgeam,
1231 2404 1266 2424 eo
1282 2400 1381 2423 tamen
1400 2394 1488 2435 potiri
1510 2396 1600 2435 penes
1615 2404 1664 2425 me

921 2441 979 2461 non
996 2441 1052 2470 est,
1069 2433 1122 2463 nisi
1139 2432 1228 2465 frater
1240 2436 1327 2465 etiam
1345 2435 1423 2466 idem
1438 2437 1555 2466 sentiat.

964 2477 1034 2504 506.
1056 2475 1194 2515 AEolidae]
1226 2474 1328 2508 Plures
1353 2478 1492 2518 equidem
1523 2485 1665 2508 memorat

919 2513 1001 2546 AEoli
1024 2516 1099 2547 filios
1118 2516 1288 2556 Homerus;
1311 2527 1439 2550 attamen
1463 2531 1499 2550 ex
1523 2520 1578 2549 illis
1593 2519 1665 2550 Ma-

920 2567 1036 2588 careum
1057 2560 1152 2590 solum
1173 2571 1242 2591 cuin
1269 2572 1366 2591 sorore
1389 2560 1504 2591 Canace
1525 2572 1586 2592 rem
1611 2560 1664 2592 ha-

920 2599 1018 2630 buisse
1033 2602 1178 2639 novimus,
1200 2613 1235 2633 ex
1251 2605 1310 2644 qua
1326 2604 1416 2633 filium
1434 2602 1537 2633 babuit
1553 2603 1605 2644 qui
1618 2613 1666 2634 se·

920 2642 1017 2684 ipsum
1026 2644 1124 2685 vagitu
1138 2645 1264 2685 prodidit
1275 2656 1283 2675 :
1298 2645 1333 2674 dt
1344 2645 1438 2675 videre
1447 2645 1530 2674 estin
1541 2643 1666 2685 hujusce

919 2683 1053 2715 authoris
1075 2685 1176 2727 Epist.
1218 2685 1331 2717 Verum
1361 2685 1468 2726 puellae
1487 2687 1666 2719 ,criminibus

920 2727 1125 2758 auctoritatem
1148 2730 1291 2768 quaerem'i
1316 2738 1443 2769 pronum
1465 2726 1522 2761 fuit
1543 2738 1667 2762 nurnero

921 2769 966 2799 uti
979 2768 1189 2803 multitudinis.

1293 2822 1322 2857 ’ζ
