<?xml version="1.0" encoding="UTF-8"?>
<!DOCTYPE html PUBLIC "-//W3C//DTD XHTML 1.0 Transitional//EN"
    "http://www.w3.org/TR/xhtml1/DTD/xhtml1-transitional.dtd">
<html xmlns="http://www.w3.org/1999/xhtml" xml:lang="en" lang="en">
 <head>
  <title>
</title>
<meta http-equiv="Content-Type" content="text/html;charset=utf-8" />
  <meta name='ocr-system' content='tesseract 3.04.00' />
  <meta name='ocr-capabilities' content='ocr_page ocr_carea ocr_par ocr_line ocrx_word'/>
</head>
<body>
  <div class='ocr_page' id='page_1' title='image "./metamorphose12ed00oviduoft/metamorphose12ed00oviduoft_0094.png"; bbox 0 0 1824 2991; ppageno 0'>
   <div class='ocr_carea' id='block_1_1' title="bbox 108 106 161 156">
    <p class='ocr_par' dir='ltr' id='par_1_1' title="bbox 108 106 161 156">
     <span class='ocr_line' id='line_1_1' title="bbox 108 106 161 156; baseline 0 -9"><span class='ocrx_word' id='word_1_1' title='bbox 108 106 161 156; x_wconf 81' lang='grc'>78</span> 
     </span>
    </p>
   </div>
   <div class='ocr_carea' id='block_1_2' title="bbox 591 105 1124 147">
    <p class='ocr_par' dir='ltr' id='par_1_2' title="bbox 591 105 1124 147">
     <span class='ocr_line' id='line_1_2' title="bbox 591 105 1124 147; baseline 0 -1"><span class='ocrx_word' id='word_1_2' title='bbox 591 105 635 146; x_wconf 89' lang='grc' dir='ltr'>Ρ.</span> <span class='ocrx_word' id='word_1_3' title='bbox 665 105 846 147; x_wconf 78' lang='lat' dir='ltr'>0V1D11</span> <span class='ocrx_word' id='word_1_4' title='bbox 878 105 1124 147; x_wconf 73' lang='lat' dir='ltr'>NASONIS</span> 
     </span>
    </p>
   </div>
   <div class='ocr_carea' id='block_1_3' title="bbox 105 183 1594 246">
    <p class='ocr_par' dir='ltr' id='par_1_3' title="bbox 105 183 1594 246">
     <span class='ocr_line' id='line_1_3' title="bbox 105 183 1594 246; baseline 0.003 -15"><span class='ocrx_word' id='word_1_5' title='bbox 105 190 494 232; x_wconf 74' lang='lat' dir='ltr'>Interdnmmitmagnoim-</span> <span class='ocrx_word' id='word_1_6' title='bbox 510 183 663 246; x_wconf 84' lang='lat' dir='ltr'>Impete</span> <span class='ocrx_word' id='word_1_7' title='bbox 685 207 792 233; x_wconf 87' lang='lat' dir='ltr'>nune</span> <span class='ocrx_word' id='word_1_8' title='bbox 812 200 932 241; x_wconf 84' lang='lat' dir='ltr'>vast0‚</span> <span class='ocrx_word' id='word_1_9' title='bbox 951 207 1022 232; x_wconf 88' lang='lat' dir='ltr'>ceu</span> <span class='ocrx_word' id='word_1_10' title='bbox 1039 192 1219 233; x_wconf 84' lang='lat' dir='ltr'>concitus</span> <span class='ocrx_word' id='word_1_11' title='bbox 1239 192 1430 234; x_wconf 81' lang='lat' dir='ltr'>imbribus</span> <span class='ocrx_word' id='word_1_12' title='bbox 1449 194 1594 246; x_wconf 85' lang='lat' dir='ltr'>amnis,</span> 
     </span>
    </p>
   </div>
   <div class='ocr_carea' id='block_1_4' title="bbox 105 233 494 314">
    <p class='ocr_par' dir='ltr' id='par_1_4' title="bbox 105 233 494 314">
     <span class='ocr_line' id='line_1_4' title="bbox 105 233 492 274; baseline 0 -12"><span class='ocrx_word' id='word_1_13' title='bbox 105 241 189 274; x_wconf 85' lang='lat' dir='ltr'>petu,</span> <span class='ocrx_word' id='word_1_14' title='bbox 206 234 283 263; x_wconf 84' lang='lat' dir='ltr'>sicut</span> <span class='ocrx_word' id='word_1_15' title='bbox 297 233 398 262; x_wconf 87' lang='lat' dir='ltr'>fluvius</span> <span class='ocrx_word' id='word_1_16' title='bbox 413 241 492 263; x_wconf 81' lang='lat' dir='ltr'>actus</span> 
     </span>
     <span class='ocr_line' id='line_1_5' title="bbox 105 273 494 314; baseline 0 -11"><span class='ocrx_word' id='word_1_17' title='bbox 105 275 189 313; x_wconf 86' lang='lat' dir='ltr'>aquis</span> <span class='ocrx_word' id='word_1_18' title='bbox 198 273 379 313; x_wconf 77' lang='lat' dir='ltr'>pluvialibus,</span> <span class='ocrx_word' id='word_1_19' title='bbox 389 282 418 303; x_wconf 81' lang='lat' dir='ltr'>et</span> <span class='ocrx_word' id='word_1_20' title='bbox 429 284 494 314; x_wconf 76' lang='lat' dir='ltr'>pm-</span> 
     </span>
    </p>
   </div>
   <div class='ocr_carea' id='block_1_5' title="bbox 511 248 1492 302">
    <p class='ocr_par' dir='ltr' id='par_1_5' title="bbox 511 248 1492 302">
     <span class='ocr_line' id='line_1_6' title="bbox 511 248 1492 302; baseline 0.003 -14"><span class='ocrx_word' id='word_1_21' title='bbox 511 248 667 297; x_wconf 85' lang='lat' dir='ltr'>Fertur,</span> <span class='ocrx_word' id='word_1_22' title='bbox 685 256 723 288; x_wconf 88' lang='lat' dir='ltr'>et</span> <span class='ocrx_word' id='word_1_23' title='bbox 744 250 942 288; x_wconf 87' lang='lat' dir='ltr'>obstantes</span> <span class='ocrx_word' id='word_1_24' title='bbox 962 249 1166 302; x_wconf 81' lang='lat' dir='ltr'><strong>proturbat</strong></span> <span class='ocrx_word' id='word_1_25' title='bbox 1184 257 1344 301; x_wconf 81' lang='lat' dir='ltr'>pectore</span> <span class='ocrx_word' id='word_1_26' title='bbox 1363 250 1492 292; x_wconf 82' lang='lat' dir='ltr'>silvas.</span> 
     </span>
    </p>
   </div>
   <div class='ocr_carea' id='block_1_6' title="bbox 1549 256 1605 292">
    <p class='ocr_par' dir='ltr' id='par_1_6' title="bbox 1549 256 1605 292">
     <span class='ocr_line' id='line_1_7' title="bbox 1549 256 1605 292; baseline -0.018 0"><span class='ocrx_word' id='word_1_27' title='bbox 1549 256 1605 292; x_wconf 84' lang='lat'>80</span> 
     </span>
    </p>
   </div>
   <div class='ocr_carea' id='block_1_7' title="bbox 104 303 1479 412">
    <p class='ocr_par' dir='ltr' id='par_1_7' title="bbox 104 303 1479 412">
     <span class='ocr_line' id='line_1_8' title="bbox 105 303 1479 357; baseline 0.001 -13"><span class='ocrx_word' id='word_1_28' title='bbox 105 317 210 344; x_wconf 76' lang='lat' dir='ltr'>sternit</span> <span class='ocrx_word' id='word_1_29' title='bbox 239 324 353 356; x_wconf 65' lang='lat' dir='ltr'>pectore</span> <span class='ocrx_word' id='word_1_30' title='bbox 379 316 493 345; x_wconf 74' lang='lat' dir='ltr'>arbores</span> <span class='ocrx_word' id='word_1_31' title='bbox 511 303 627 344; x_wconf 84' lang='lat' dir='ltr'><strong>Cedit</strong></span> <span class='ocrx_word' id='word_1_32' title='bbox 646 303 891 356; x_wconf 84' lang='lat' dir='ltr'>Agenorides</span> <span class='ocrx_word' id='word_1_33' title='bbox 909 304 1107 356; x_wconf 88' lang='lat' dir='ltr'>paullum;</span> <span class='ocrx_word' id='word_1_34' title='bbox 1128 303 1334 357; x_wconf 88' lang='lat' dir='ltr'>spolioque</span> <span class='ocrx_word' id='word_1_35' title='bbox 1355 305 1479 346; x_wconf 89' lang='lat' dir='ltr'>leonis</span> 
     </span>
     <span class='ocr_line' id='line_1_9' title="bbox 104 355 1462 412; baseline 0.003 -16"><span class='ocrx_word' id='word_1_36' title='bbox 104 356 263 404; x_wconf 63' lang='lat' dir='ltr'>⁰PR053m·</span> <span class='ocrx_word' id='word_1_37' title='bbox 305 355 396 386; x_wconf 69' lang='lat' dir='ltr'>F¹¹i¹¹⁵</span> <span class='ocrx_word' id='word_1_38' title='bbox 414 357 492 394; x_wconf 58' lang='lat' dir='ltr'>Age·</span> <span class='ocrx_word' id='word_1_39' title='bbox 511 359 688 398; x_wconf 83' lang='lat' dir='ltr'>Sustinet</span> <span class='ocrx_word' id='word_1_40' title='bbox 707 359 899 408; x_wconf 87' lang='lat' dir='ltr'>incursus,</span> <span class='ocrx_word' id='word_1_41' title='bbox 921 358 1185 412; x_wconf 75' lang='lat' dir='ltr'>instantiaque</span> <span class='ocrx_word' id='word_1_42' title='bbox 1205 373 1272 398; x_wconf 87' lang='lat' dir='ltr'>ora</span> <span class='ocrx_word' id='word_1_43' title='bbox 1292 360 1462 406; x_wconf 80' lang='lat' dir='ltr'>retardat</span> 
     </span>
    </p>
   </div>
   <div class='ocr_carea' id='block_1_8' title="bbox 104 397 492 479">
    <p class='ocr_par' dir='ltr' id='par_1_8' title="bbox 104 397 492 479">
     <span class='ocr_line' id='line_1_10' title="bbox 104 397 492 436; baseline 0.003 -10"><span class='ocrx_word' id='word_1_44' title='bbox 104 407 184 427; x_wconf 82' lang='lat' dir='ltr'>nons</span> <span class='ocrx_word' id='word_1_45' title='bbox 204 397 384 436; x_wconf 82' lang='lat' dir='ltr'>aliquantum</span> <span class='ocrx_word' id='word_1_46' title='bbox 404 399 492 434; x_wconf 83' lang='lat' dir='ltr'>cedit,</span> 
     </span>
     <span class='ocr_line' id='line_1_11' title="bbox 105 438 492 479; baseline 0.003 -12"><span class='ocrx_word' id='word_1_47' title='bbox 105 445 137 468; x_wconf 84' lang='lat' dir='ltr'>et</span> <span class='ocrx_word' id='word_1_48' title='bbox 145 438 252 478; x_wconf 86' lang='lat' dir='ltr'>excipit</span> <span class='ocrx_word' id='word_1_49' title='bbox 265 439 406 478; x_wconf 87' lang='lat' dir='ltr'>impetum</span> <span class='ocrx_word' id='word_1_50' title='bbox 418 440 492 479; x_wconf 85' lang='lat' dir='ltr'>pelle</span> 
     </span>
    </p>
   </div>
   <div class='ocr_carea' id='block_1_9' title="bbox 511 413 1504 468">
    <p class='ocr_par' dir='ltr' id='par_1_9' title="bbox 511 413 1504 468">
     <span class='ocr_line' id='line_1_12' title="bbox 511 413 1504 468; baseline 0.002 -15"><span class='ocrx_word' id='word_1_51' title='bbox 511 414 684 467; x_wconf 81' lang='lat' dir='ltr'>Cuspide</span> <span class='ocrx_word' id='word_1_52' title='bbox 705 416 909 468; x_wconf 66' lang='lat' dir='ltr'>praetentst.</span> <span class='ocrx_word' id='word_1_53' title='bbox 968 413 1080 454; x_wconf 87' lang='lat' dir='ltr'>Furit</span> <span class='ocrx_word' id='word_1_54' title='bbox 1096 414 1177 463; x_wconf 88' lang='lat' dir='ltr'>ille,</span> <span class='ocrx_word' id='word_1_55' title='bbox 1194 423 1233 453; x_wconf 90' lang='lat' dir='ltr'>et</span> <span class='ocrx_word' id='word_1_56' title='bbox 1253 414 1386 460; x_wconf 83' lang='lat' dir='ltr'>inania</span> <span class='ocrx_word' id='word_1_57' title='bbox 1405 415 1504 455; x_wconf 90' lang='lat' dir='ltr'>duro</span> 
     </span>
    </p>
   </div>
   <div class='ocr_carea' id='block_1_10' title="bbox 106 468 1529 522">
    <p class='ocr_par' dir='ltr' id='par_1_10' title="bbox 106 468 1529 522">
     <span class='ocr_line' id='line_1_13' title="bbox 106 468 1529 522; baseline 0.001 -13"><span class='ocrx_word' id='word_1_58' title='bbox 106 479 219 515; x_wconf 78' lang='lat' dir='ltr'>leonis;</span> <span class='ocrx_word' id='word_1_59' title='bbox 247 488 276 509; x_wconf 80' lang='lat' dir='ltr'>et</span> <span class='ocrx_word' id='word_1_60' title='bbox 301 488 378 510; x_wconf 72' lang='lat' dir='ltr'>arcet</span> <span class='ocrx_word' id='word_1_61' title='bbox 405 482 493 510; x_wconf 89' lang='lat' dir='ltr'>rictus</span> <span class='ocrx_word' id='word_1_62' title='bbox 512 470 685 509; x_wconf 85' lang='lat' dir='ltr'>Vulnera</span> <span class='ocrx_word' id='word_1_63' title='bbox 704 470 770 509; x_wconf 85' lang='lat' dir='ltr'>dat</span> <span class='ocrx_word' id='word_1_64' title='bbox 789 471 904 518; x_wconf 79' lang='lat' dir='ltr'>ferm,</span> <span class='ocrx_word' id='word_1_65' title='bbox 924 468 1089 522; x_wconf 83' lang='lat' dir='ltr'>figitque</span> <span class='ocrx_word' id='word_1_66' title='bbox 1111 469 1150 509; x_wconf 87' lang='lat' dir='ltr'>in</span> <span class='ocrx_word' id='word_1_67' title='bbox 1168 469 1355 509; x_wconf 84' lang='lat' dir='ltr'>acumine</span> <span class='ocrx_word' id='word_1_68' title='bbox 1375 470 1529 515; x_wconf 87' lang='lat' dir='ltr'>dentes.</span> 
     </span>
    </p>
   </div>
   <div class='ocr_carea' id='block_1_11' title="bbox 107 524 1521 633">
    <p class='ocr_par' dir='ltr' id='par_1_11' title="bbox 107 524 1521 633">
     <span class='ocr_line' id='line_1_14' title="bbox 107 524 1467 579; baseline 0.004 -19"><span class='ocrx_word' id='word_1_69' title='bbox 107 528 244 561; x_wconf 64' lang='lat' dir='ltr'>urgentes</span> <span class='ocrx_word' id='word_1_70' title='bbox 256 531 393 550; x_wconf 80' lang='lat' dir='ltr'>mucrone</span> <span class='ocrx_word' id='word_1_71' title='bbox 402 531 494 561; x_wconf 81' lang='lat' dir='ltr'>0PP0·</span> <span class='ocrx_word' id='word_1_72' title='bbox 509 524 684 578; x_wconf 86' lang='lat' dir='ltr'>Jamque</span> <span class='ocrx_word' id='word_1_73' title='bbox 704 524 933 565; x_wconf 84' lang='lat' dir='ltr'>venenifero</span> <span class='ocrx_word' id='word_1_74' title='bbox 952 525 1111 578; x_wconf 73' lang='lat' dir='ltr'>sanguis</span> <span class='ocrx_word' id='word_1_75' title='bbox 1133 538 1293 565; x_wconf 83' lang='lat' dir='ltr'>manare</span> <span class='ocrx_word' id='word_1_76' title='bbox 1312 527 1447 579; x_wconf 85' lang='lat' dir='ltr'>palato</span> <span class='ocrx_word' id='word_1_77' title='bbox 1464 548 1467 550; x_wconf 97' lang='lat'>·</span> 
     </span>
     <span class='ocr_line' id='line_1_15' title="bbox 512 579 1521 633; baseline 0.002 -13"><span class='ocrx_word' id='word_1_78' title='bbox 512 580 711 633; x_wconf 78' lang='lat' dir='ltr'>Coeperat,</span> <span class='ocrx_word' id='word_1_79' title='bbox 731 589 770 620; x_wconf 91' lang='lat' dir='ltr'>et</span> <span class='ocrx_word' id='word_1_80' title='bbox 790 579 930 620; x_wconf 88' lang='lat' dir='ltr'>virides</span> <span class='ocrx_word' id='word_1_81' title='bbox 949 580 1155 633; x_wconf 77' lang='lat' dir='ltr'>aspergine</span> <span class='ocrx_word' id='word_1_82' title='bbox 1178 580 1347 620; x_wconf 84' lang='lat' dir='ltr'>tinxerat</span> <span class='ocrx_word' id='word_1_83' title='bbox 1367 580 1521 623; x_wconf 82' lang='lat' dir='ltr'>herbas.</span> 
     </span>
    </p>
   </div>
   <div class='ocr_carea' id='block_1_12' title="bbox 106 560 494 643">
    <p class='ocr_par' dir='ltr' id='par_1_12' title="bbox 106 560 494 643">
     <span class='ocr_line' id='line_1_16' title="bbox 106 560 494 592; baseline 0 -1"><span class='ocrx_word' id='word_1_84' title='bbox 106 562 175 591; x_wconf 85' lang='lat' dir='ltr'>sito.</span> <span class='ocrx_word' id='word_1_85' title='bbox 218 560 271 591; x_wconf 90' lang='lat' dir='ltr'>Ille</span> <span class='ocrx_word' id='word_1_86' title='bbox 287 562 395 592; x_wconf 81' lang='lat' dir='ltr'>rabiem</span> <span class='ocrx_word' id='word_1_87' title='bbox 413 571 494 592; x_wconf 86' lang='lat' dir='ltr'>exer-</span> 
     </span>
     <span class='ocr_line' id='line_1_17' title="bbox 107 602 494 643; baseline 0 -11"><span class='ocrx_word' id='word_1_88' title='bbox 107 611 166 639; x_wconf 85' lang='lat' dir='ltr'>cet,</span> <span class='ocrx_word' id='word_1_89' title='bbox 177 611 206 632; x_wconf 90' lang='lat' dir='ltr'>et</span> <span class='ocrx_word' id='word_1_90' title='bbox 218 602 304 632; x_wconf 72' lang='lat' dir='ltr'>infert</span> <span class='ocrx_word' id='word_1_91' title='bbox 315 603 412 643; x_wconf 77' lang='lat' dir='ltr'>plagas</span> <span class='ocrx_word' id='word_1_92' title='bbox 421 603 494 633; x_wconf 86' lang='lat' dir='ltr'>frus-</span> 
     </span>
    </p>
   </div>
   <div class='ocr_carea' id='block_1_13' title="bbox 1549 529 1602 566">
    <p class='ocr_par' dir='ltr' id='par_1_13' title="bbox 1549 529 1602 566">
     <span class='ocr_line' id='line_1_18' title="bbox 1549 529 1602 566; baseline 0 0"><span class='ocrx_word' id='word_1_93' title='bbox 1549 529 1602 566; x_wconf 88' lang='lat'>85</span> 
     </span>
    </p>
   </div>
   <div class='ocr_carea' id='block_1_14' title="bbox 105 627 1604 745">
    <p class='ocr_par' dir='ltr' id='par_1_14' title="bbox 105 627 1604 745">
     <span class='ocr_line' id='line_1_19' title="bbox 106 627 1604 689; baseline 0.002 -15"><span class='ocrx_word' id='word_1_94' title='bbox 106 651 220 674; x_wconf 77' lang='lat' dir='ltr'>traneas</span> <span class='ocrx_word' id='word_1_95' title='bbox 240 644 333 684; x_wconf 80' lang='lat' dir='ltr'>rigido</span> <span class='ocrx_word' id='word_1_96' title='bbox 353 644 428 674; x_wconf 77' lang='lat' dir='ltr'>ferro</span> <span class='ocrx_word' id='word_1_97' title='bbox 436 658 444 679; x_wconf 83' lang='lat'>;</span> <span class='ocrx_word' id='word_1_98' title='bbox 465 652 493 674; x_wconf 73' lang='lat' dir='ltr'>et</span> <span class='ocrx_word' id='word_1_99' title='bbox 512 635 591 675; x_wconf 90' lang='lat' dir='ltr'>Sed</span> <span class='ocrx_word' id='word_1_100' title='bbox 610 637 692 676; x_wconf 81' lang='lat' dir='ltr'>leve</span> <span class='ocrx_word' id='word_1_101' title='bbox 708 637 850 675; x_wconf 91' lang='lat' dir='ltr'>vulnus</span> <span class='ocrx_word' id='word_1_102' title='bbox 871 644 975 677; x_wconf 87' lang='lat' dir='ltr'>crat:</span> <span class='ocrx_word' id='word_1_103' title='bbox 1007 637 1099 689; x_wconf 86' lang='lat' dir='ltr'>quia</span> <span class='ocrx_word' id='word_1_104' title='bbox 1119 650 1158 675; x_wconf 87' lang='lat' dir='ltr'>se</span> <span class='ocrx_word' id='word_1_105' title='bbox 1175 636 1396 676; x_wconf 81' lang='lat' dir='ltr'>retrahebat</span> <span class='ocrx_word' id='word_1_106' title='bbox 1412 638 1462 676; x_wconf 89' lang='lat' dir='ltr'>ab</span> <span class='ocrx_word' id='word_1_107' title='bbox 1483 637 1578 686; x_wconf 89' lang='lat' dir='ltr'>ictu,</span> <span class='ocrx_word' id='word_1_108' title='bbox 1600 627 1604 632; x_wconf 39' lang='lat'><strong>⁴</strong></span> 
     </span>
     <span class='ocr_line' id='line_1_20' title="bbox 105 685 1506 745; baseline 0.006 -21"><span class='ocrx_word' id='word_1_109' title='bbox 105 685 219 716; x_wconf 72' lang='lat' dir='ltr'>mordet</span> <span class='ocrx_word' id='word_1_110' title='bbox 247 686 406 725; x_wconf 45' lang='grc' dir='ltr'>ωε’·ΡῑὼΠὨ·</span> <span class='ocrx_word' id='word_1_111' title='bbox 454 685 493 715; x_wconf 73' lang='lat' dir='ltr'>E‘</span> <span class='ocrx_word' id='word_1_112' title='bbox 512 692 703 744; x_wconf 84' lang='lat' dir='ltr'>Laesaque</span> <span class='ocrx_word' id='word_1_113' title='bbox 723 692 825 730; x_wconf 88' lang='lat' dir='ltr'>colla</span> <span class='ocrx_word' id='word_1_114' title='bbox 845 691 960 731; x_wconf 83' lang='lat' dir='ltr'>dabat</span> <span class='ocrx_word' id='word_1_115' title='bbox 979 701 1092 740; x_wconf 73' lang='lat' dir='ltr'>retro,</span> <span class='ocrx_word' id='word_1_116' title='bbox 1113 693 1351 745; x_wconf 85' lang='lat' dir='ltr'>plagamque</span> <span class='ocrx_word' id='word_1_117' title='bbox 1371 692 1506 732; x_wconf 86' lang='lat' dir='ltr'>sedere</span> 
     </span>
    </p>
   </div>
   <div class='ocr_carea' id='block_1_15' title="bbox 102 726 495 807">
    <p class='ocr_par' dir='ltr' id='par_1_15' title="bbox 102 726 495 807">
     <span class='ocr_line' id='line_1_21' title="bbox 102 726 495 766; baseline -0.003 -10"><span class='ocrx_word' id='word_1_118' title='bbox 102 727 166 766; x_wconf 83' lang='lat' dir='ltr'>jam</span> <span class='ocrx_word' id='word_1_119' title='bbox 186 736 270 756; x_wconf 84' lang='lat' dir='ltr'>cruor</span> <span class='ocrx_word' id='word_1_120' title='bbox 292 734 419 766; x_wconf 85' lang='lat' dir='ltr'>coeperat</span> <span class='ocrx_word' id='word_1_121' title='bbox 440 726 495 756; x_wconf 84' lang='lat' dir='ltr'>flu-</span> 
     </span>
     <span class='ocr_line' id='line_1_22' title="bbox 105 767 493 807; baseline -0.003 -10"><span class='ocrx_word' id='word_1_122' title='bbox 105 777 154 797; x_wconf 86' lang='lat' dir='ltr'>ere</span> <span class='ocrx_word' id='word_1_123' title='bbox 169 777 204 796; x_wconf 87' lang='lat' dir='ltr'>ex</span> <span class='ocrx_word' id='word_1_124' title='bbox 224 767 319 807; x_wconf 81' lang='lat' dir='ltr'>palato</span> <span class='ocrx_word' id='word_1_125' title='bbox 339 767 493 807; x_wconf 82' lang='lat' dir='ltr'>pestifero;</span> 
     </span>
    </p>
   </div>
   <div class='ocr_carea' id='block_1_16' title="bbox 514 746 1425 799">
    <p class='ocr_par' dir='ltr' id='par_1_16' title="bbox 514 746 1425 799">
     <span class='ocr_line' id='line_1_23' title="bbox 514 746 1425 799; baseline 0.002 -14"><span class='ocrx_word' id='word_1_126' title='bbox 514 746 704 786; x_wconf 89' lang='lat' dir='ltr'>Cedendo</span> <span class='ocrx_word' id='word_1_127' title='bbox 723 747 893 795; x_wconf 82' lang='lat' dir='ltr'>areel·›at‚</span> <span class='ocrx_word' id='word_1_128' title='bbox 916 760 989 786; x_wconf 88' lang='lat' dir='ltr'>nee</span> <span class='ocrx_word' id='word_1_129' title='bbox 1009 747 1165 799; x_wconf 71' lang='lat' dir='ltr'>longius</span> <span class='ocrx_word' id='word_1_130' title='bbox 1187 748 1241 786; x_wconf 87' lang='lat' dir='ltr'>ire</span> <span class='ocrx_word' id='word_1_131' title='bbox 1258 747 1425 788; x_wconf 87' lang='lat' dir='ltr'>sinebat.</span> 
     </span>
    </p>
   </div>
   <div class='ocr_carea' id='block_1_17' title="bbox 107 800 1609 854">
    <p class='ocr_par' dir='ltr' id='par_1_17' title="bbox 107 800 1609 854">
     <span class='ocr_line' id='line_1_24' title="bbox 107 800 1609 854; baseline 0.003 -17"><span class='ocrx_word' id='word_1_132' title='bbox 107 815 137 837; x_wconf 85' lang='lat' dir='ltr'>et</span> <span class='ocrx_word' id='word_1_133' title='bbox 157 808 295 838; x_wconf 70' lang='lat' dir='ltr'>infecerat</span> <span class='ocrx_word' id='word_1_134' title='bbox 310 810 439 848; x_wconf 76' lang='lat' dir='ltr'>gramina</span> <span class='ocrx_word' id='word_1_135' title='bbox 454 810 495 837; x_wconf 79' lang='lat' dir='ltr'>vi·</span> <span class='ocrx_word' id='word_1_136' title='bbox 512 801 656 841; x_wconf 86' lang='lat' dir='ltr'>Donec</span> <span class='ocrx_word' id='word_1_137' title='bbox 673 801 917 853; x_wconf 83' lang='lat' dir='ltr'>Agenorides</span> <span class='ocrx_word' id='word_1_138' title='bbox 926 800 1152 854; x_wconf 88' lang='lat' dir='ltr'>conjectum</span> <span class='ocrx_word' id='word_1_139' title='bbox 1167 802 1206 841; x_wconf 84' lang='lat' dir='ltr'>in</span> <span class='ocrx_word' id='word_1_140' title='bbox 1218 810 1378 854; x_wconf 81' lang='lat' dir='ltr'>gutture</span> <span class='ocrx_word' id='word_1_141' title='bbox 1393 804 1538 842; x_wconf 83' lang='lat' dir='ltr'>ferrum</span> <span class='ocrx_word' id='word_1_142' title='bbox 1553 806 1609 842; x_wconf 83' lang='lat'>90</span> 
     </span>
    </p>
   </div>
   <div class='ocr_carea' id='block_1_18' title="bbox 106 850 495 930">
    <p class='ocr_par' dir='ltr' id='par_1_18' title="bbox 106 850 495 930">
     <span class='ocr_line' id='line_1_25' title="bbox 107 850 494 889; baseline 0 -11"><span class='ocrx_word' id='word_1_143' title='bbox 107 850 201 879; x_wconf 82' lang='lat' dir='ltr'>rentia</span> <span class='ocrx_word' id='word_1_144' title='bbox 229 850 418 889; x_wconf 81' lang='lat' dir='ltr'>irrigatione:</span> <span class='ocrx_word' id='word_1_145' title='bbox 445 850 494 878; x_wconf 89' lang='lat' dir='ltr'>sed</span> 
     </span>
     <span class='ocr_line' id='line_1_26' title="bbox 106 890 495 930; baseline -0.003 -11"><span class='ocrx_word' id='word_1_146' title='bbox 106 890 191 930; x_wconf 82' lang='lat' dir='ltr'>plaga</span> <span class='ocrx_word' id='word_1_147' title='bbox 207 899 269 919; x_wconf 88' lang='lat' dir='ltr'>erat</span> <span class='ocrx_word' id='word_1_148' title='bbox 287 891 402 930; x_wconf 84' lang='lat' dir='ltr'>exigua,</span> <span class='ocrx_word' id='word_1_149' title='bbox 426 891 495 929; x_wconf 86' lang='lat' dir='ltr'>quia</span> 
     </span>
    </p>
   </div>
   <div class='ocr_carea' id='block_1_19' title="bbox 515 856 1578 909">
    <p class='ocr_par' dir='ltr' id='par_1_19' title="bbox 515 856 1578 909">
     <span class='ocr_line' id='line_1_27' title="bbox 515 856 1578 909; baseline 0.004 -15"><span class='ocrx_word' id='word_1_150' title='bbox 515 856 651 908; x_wconf 88' lang='lat' dir='ltr'>Usque</span> <span class='ocrx_word' id='word_1_151' title='bbox 670 869 835 909; x_wconf 89' lang='lat' dir='ltr'>sequens</span> <span class='ocrx_word' id='word_1_152' title='bbox 856 856 1018 909; x_wconf 85' lang='lat' dir='ltr'>pressit:</span> <span class='ocrx_word' id='word_1_153' title='bbox 1040 857 1135 896; x_wconf 89' lang='lat' dir='ltr'>dum</span> <span class='ocrx_word' id='word_1_154' title='bbox 1158 864 1261 896; x_wconf 88' lang='lat' dir='ltr'>retro</span> <span class='ocrx_word' id='word_1_155' title='bbox 1281 871 1447 909; x_wconf 86' lang='lat' dir='ltr'>quercus</span> <span class='ocrx_word' id='word_1_156' title='bbox 1467 858 1578 898; x_wconf 83' lang='lat' dir='ltr'>eunti</span> 
     </span>
    </p>
   </div>
   <div class='ocr_carea' id='block_1_20' title="bbox 105 909 1521 1073">
    <p class='ocr_par' dir='ltr' id='par_1_20' title="bbox 105 909 1521 1073">
     <span class='ocr_line' id='line_1_28' title="bbox 105 909 1521 970; baseline 0.004 -23"><span class='ocrx_word' id='word_1_157' title='bbox 105 941 138 960; x_wconf 66' lang='lat'>⁵0</span> <span class='ocrx_word' id='word_1_158' title='bbox 152 931 308 970; x_wconf 53' lang='lat' dir='ltr'>„emp-[ebat</span> <span class='ocrx_word' id='word_1_159' title='bbox 322 931 358 960; x_wconf 70' lang='lat' dir='ltr'>ab</span> <span class='ocrx_word' id='word_1_160' title='bbox 374 932 495 970; x_wconf 84' lang='lat' dir='ltr'>impres·</span> <span class='ocrx_word' id='word_1_161' title='bbox 512 910 691 960; x_wconf 86' lang='lat' dir='ltr'>Obstitit,</span> <span class='ocrx_word' id='word_1_162' title='bbox 711 919 751 950; x_wconf 91' lang='lat' dir='ltr'>et</span> <span class='ocrx_word' id='word_1_163' title='bbox 770 909 847 950; x_wconf 87' lang='lat' dir='ltr'>fixa</span> <span class='ocrx_word' id='word_1_164' title='bbox 867 919 924 950; x_wconf 92' lang='lat' dir='ltr'>est</span> <span class='ocrx_word' id='word_1_165' title='bbox 943 910 1088 964; x_wconf 84' lang='lat' dir='ltr'>pariter</span> <span class='ocrx_word' id='word_1_166' title='bbox 1106 925 1200 951; x_wconf 89' lang='lat' dir='ltr'>cum</span> <span class='ocrx_word' id='word_1_167' title='bbox 1222 913 1360 952; x_wconf 86' lang='lat' dir='ltr'>robore</span> <span class='ocrx_word' id='word_1_168' title='bbox 1376 913 1521 953; x_wconf 80' lang='lat' dir='ltr'>cervix.</span> 
     </span>
     <span class='ocr_line' id='line_1_29' title="bbox 105 965 1478 1019; baseline 0.005 -18"><span class='ocrx_word' id='word_1_169' title='bbox 105 972 201 1008; x_wconf 74' lang='lat' dir='ltr'>sione,</span> <span class='ocrx_word' id='word_1_170' title='bbox 229 979 259 1001; x_wconf 82' lang='lat' dir='ltr'>et</span> <span class='ocrx_word' id='word_1_171' title='bbox 280 979 363 1019; x_wconf 40' lang='lat' dir='ltr'>&#39;retro</span> <span class='ocrx_word' id='word_1_172' title='bbox 391 971 494 1012; x_wconf 82' lang='lat' dir='ltr'>agebat</span> <span class='ocrx_word' id='word_1_173' title='bbox 512 965 692 1006; x_wconf 89' lang='lat' dir='ltr'>Pondere</span> <span class='ocrx_word' id='word_1_174' title='bbox 710 966 902 1019; x_wconf 88' lang='lat' dir='ltr'>serpentis</span> <span class='ocrx_word' id='word_1_175' title='bbox 923 974 1082 1006; x_wconf 86' lang='lat' dir='ltr'>curvata</span> <span class='ocrx_word' id='word_1_176' title='bbox 1100 975 1158 1006; x_wconf 89' lang='lat' dir='ltr'>est</span> <span class='ocrx_word' id='word_1_177' title='bbox 1177 968 1305 1016; x_wconf 83' lang='lat' dir='ltr'>arbor,</span> <span class='ocrx_word' id='word_1_178' title='bbox 1325 975 1364 1006; x_wconf 89' lang='lat' dir='ltr'>et</span> <span class='ocrx_word' id='word_1_179' title='bbox 1385 967 1478 1008; x_wconf 84' lang='lat' dir='ltr'>imae</span> 
     </span>
     <span class='ocr_line' id='line_1_30' title="bbox 106 1012 1423 1073; baseline 0.003 -15"><span class='ocrx_word' id='word_1_180' title='bbox 106 1013 215 1043; x_wconf 75' lang='lat'>⁰⁰¹¹²¹¹¹¹</span> <span class='ocrx_word' id='word_1_181' title='bbox 230 1012 383 1049; x_wconf 72' lang='lat' dir='ltr'>afflictum,</span> <span class='ocrx_word' id='word_1_182' title='bbox 405 1021 435 1042; x_wconf 83' lang='lat' dir='ltr'>et</span> <span class='ocrx_word' id='word_1_183' title='bbox 450 1023 494 1042; x_wconf 60' lang='grc' dir='ltr'>ΓΘ·</span> <span class='ocrx_word' id='word_1_184' title='bbox 512 1021 625 1062; x_wconf 84' lang='lat' dir='ltr'>Parte</span> <span class='ocrx_word' id='word_1_185' title='bbox 645 1021 835 1073; x_wconf 83' lang='lat' dir='ltr'>flagellari</span> <span class='ocrx_word' id='word_1_186' title='bbox 853 1021 1009 1073; x_wconf 82' lang='lat' dir='ltr'>gemuit</span> <span class='ocrx_word' id='word_1_187' title='bbox 1027 1036 1096 1061; x_wconf 87' lang='lat' dir='ltr'>sua</span> <span class='ocrx_word' id='word_1_188' title='bbox 1116 1023 1254 1061; x_wconf 87' lang='lat' dir='ltr'>robora</span> <span class='ocrx_word' id='word_1_189' title='bbox 1274 1023 1423 1062; x_wconf 88' lang='lat' dir='ltr'>eaudae.</span> 
     </span>
    </p>
   </div>
   <div class='ocr_carea' id='block_1_21' title="bbox 105 1053 494 1101">
    <p class='ocr_par' dir='ltr' id='par_1_21' title="bbox 105 1053 494 1101">
     <span class='ocr_line' id='line_1_31' title="bbox 105 1053 494 1101; baseline 0 -18"><span class='ocrx_word' id='word_1_190' title='bbox 105 1053 235 1084; x_wconf 87' lang='lat' dir='ltr'>cedendo</span> <span class='ocrx_word' id='word_1_191' title='bbox 248 1053 419 1101; x_wconf 71' lang='lat' dir='ltr'>prohibebat</span> <span class='ocrx_word' id='word_1_192' title='bbox 433 1054 494 1084; x_wconf 85' lang='lat' dir='ltr'>vul-</span> 
     </span>
    </p>
   </div>
   <div class='ocr_carea' id='block_1_22' title="bbox 106 1076 1480 1176">
    <p class='ocr_par' dir='ltr' id='par_1_22' title="bbox 106 1076 1480 1176">
     <span class='ocr_line' id='line_1_32' title="bbox 107 1076 1480 1136; baseline 0.001 -19"><span class='ocrx_word' id='word_1_193' title='bbox 107 1105 164 1124; x_wconf 85' lang='lat' dir='ltr'>nus</span> <span class='ocrx_word' id='word_1_194' title='bbox 199 1105 236 1124; x_wconf 70' lang='lat' dir='ltr'>„e</span> <span class='ocrx_word' id='word_1_195' title='bbox 273 1095 494 1136; x_wconf 71' lang='lat' dir='ltr'>impingeretur,</span> <span class='ocrx_word' id='word_1_196' title='bbox 510 1076 622 1117; x_wconf 94' lang='lat' dir='ltr'>Dum</span> <span class='ocrx_word' id='word_1_197' title='bbox 643 1076 815 1130; x_wconf 79' lang='lat' dir='ltr'>spatium</span> <span class='ocrx_word' id='word_1_198' title='bbox 837 1077 962 1117; x_wconf 86' lang='lat' dir='ltr'>victor</span> <span class='ocrx_word' id='word_1_199' title='bbox 980 1077 1073 1117; x_wconf 90' lang='lat' dir='ltr'>victi</span> <span class='ocrx_word' id='word_1_200' title='bbox 1090 1077 1311 1117; x_wconf 81' lang='lat' dir='ltr'>considerat</span> <span class='ocrx_word' id='word_1_201' title='bbox 1330 1077 1480 1128; x_wconf 81' lang='lat' dir='ltr'>hostis.;</span> 
     </span>
     <span class='ocr_line' id='line_1_33' title="bbox 106 1131 1046 1176; baseline 0.001 -11"><span class='ocrx_word' id='word_1_202' title='bbox 106 1145 161 1165; x_wconf 85' lang='lat' dir='ltr'>nec</span> <span class='ocrx_word' id='word_1_203' title='bbox 185 1135 349 1176; x_wconf 79' lang='lat' dir='ltr'>patiebatur</span> <span class='ocrx_word' id='word_1_204' title='bbox 372 1136 492 1166; x_wconf 69' lang='lat' dir='ltr'>ulterius</span> <span class='ocrx_word' id='word_1_205' title='bbox 511 1131 600 1172; x_wconf 82' lang='lat' dir='ltr'>Vox</span> <span class='ocrx_word' id='word_1_206' title='bbox 629 1132 759 1172; x_wconf 59' lang='lat' dir='ltr'>subit&amp;</span> <span class='ocrx_word' id='word_1_207' title='bbox 791 1131 926 1172; x_wconf 76' lang='lat' dir='ltr'>audita</span> <span class='ocrx_word' id='word_1_208' title='bbox 959 1141 1046 1173; x_wconf 73' lang='lat' dir='ltr'>est:</span> 
     </span>
    </p>
   </div>
   <div class='ocr_carea' id='block_1_23' title="bbox 106 1177 493 1218">
    <p class='ocr_par' dir='ltr' id='par_1_23' title="bbox 106 1177 493 1218">
     <span class='ocr_line' id='line_1_34' title="bbox 106 1177 493 1218; baseline 0 -12"><span class='ocrx_word' id='word_1_209' title='bbox 106 1178 241 1218; x_wconf 80' lang='lat' dir='ltr'>progredi</span> <span class='ocrx_word' id='word_1_210' title='bbox 259 1189 266 1205; x_wconf 91' lang='lat'>:</span> <span class='ocrx_word' id='word_1_211' title='bbox 289 1178 388 1217; x_wconf 86' lang='lat' dir='ltr'>¹donec</span> <span class='ocrx_word' id='word_1_212' title='bbox 419 1177 493 1207; x_wconf 87' lang='lat' dir='ltr'>Cad-</span> 
     </span>
    </p>
   </div>
   <div class='ocr_carea' id='block_1_24' title="bbox 1081 1084 1657 1187">
    <p class='ocr_par' dir='ltr' id='par_1_24' title="bbox 1081 1084 1657 1187">
     <span class='ocr_line' id='line_1_35' title="bbox 1553 1084 1606 1119; baseline 0 0"><span class='ocrx_word' id='word_1_213' title='bbox 1553 1084 1606 1119; x_wconf 79' lang='lat'>95</span> 
     </span>
     <span class='ocr_line' id='line_1_36' title="bbox 1081 1134 1657 1187; baseline 0.003 -15"><span class='ocrx_word' id='word_1_214' title='bbox 1081 1134 1232 1187; x_wconf 85' lang='lat' dir='ltr'>(neque&#39;</span> <span class='ocrx_word' id='word_1_215' title='bbox 1257 1141 1340 1173; x_wconf 82' lang='lat' dir='ltr'>erat</span> <span class='ocrx_word' id='word_1_216' title='bbox 1369 1147 1607 1187; x_wconf 86' lang='lat' dir='ltr'>cognoscere</span> <span class='ocrx_word' id='word_1_217' title='bbox 1654 1154 1657 1157; x_wconf 40' lang='grc'><strong>“</strong></span> 
     </span>
    </p>
   </div>
   <div class='ocr_carea' id='block_1_25' title="bbox 105 1196 1608 1351">
    <p class='ocr_par' dir='ltr' id='par_1_25' title="bbox 105 1196 1608 1351">
     <span class='ocr_line' id='line_1_37' title="bbox 105 1196 1109 1258; baseline 0.004 -11"><span class='ocrx_word' id='word_1_218' title='bbox 105 1228 173 1248; x_wconf 78' lang='lat' dir='ltr'>mus</span> <span class='ocrx_word' id='word_1_219' title='bbox 197 1229 288 1258; x_wconf 75' lang='lat' dir='ltr'>usque</span> <span class='ocrx_word' id='word_1_220' title='bbox 316 1229 493 1258; x_wconf 69' lang='lat' dir='ltr'>persequens</span> <span class='ocrx_word' id='word_1_221' title='bbox 677 1196 906 1250; x_wconf 54' lang='lat' dir='ltr'>promptqn]</span> <span class='ocrx_word' id='word_1_222' title='bbox 1101 1243 1109 1251; x_wconf 82' lang='grc' dir='ltr'>ι</span> 
     </span>
     <span class='ocr_line' id='line_1_38' title="bbox 105 1241 1608 1299; baseline 0.002 -19"><span class='ocrx_word' id='word_1_223' title='bbox 105 1260 211 1299; x_wconf 75' lang='lat' dir='ltr'>pressit</span> <span class='ocrx_word' id='word_1_224' title='bbox 238 1259 344 1288; x_wconf 78' lang='lat' dir='ltr'>ferrum</span> <span class='ocrx_word' id='word_1_225' title='bbox 379 1262 492 1299; x_wconf 78' lang='lat' dir='ltr'>gutturi</span> <span class='ocrx_word' id='word_1_226' title='bbox 513 1241 631 1282; x_wconf 87' lang='lat' dir='ltr'>Unde</span> <span class='ocrx_word' id='word_1_227' title='bbox 645 1257 656 1292; x_wconf 82' lang='lat'>3</span> <span class='ocrx_word' id='word_1_228' title='bbox 684 1243 750 1282; x_wconf 84' lang='lat' dir='ltr'>sed</span> <span class='ocrx_word' id='word_1_229' title='bbox 772 1243 906 1282; x_wconf 79' lang='lat' dir='ltr'>audlta</span> <span class='ocrx_word' id='word_1_230' title='bbox 927 1245 1000 1295; x_wconf 90' lang='lat' dir='ltr'>est)</span> <span class='ocrx_word' id='word_1_231' title='bbox 1029 1242 1152 1291; x_wconf 71' lang='lat' dir='ltr'>Quid,</span> <span class='ocrx_word' id='word_1_232' title='bbox 1177 1244 1364 1295; x_wconf 86' lang='lat' dir='ltr'>Agenore</span> <span class='ocrx_word' id='word_1_233' title='bbox 1385 1250 1488 1295; x_wconf 85' lang='lat' dir='ltr'>nate,</span> <span class='ocrx_word' id='word_1_234' title='bbox 1518 1257 1608 1297; x_wconf 88' lang='lat' dir='ltr'>per-</span> 
     </span>
     <span class='ocr_line' id='line_1_39' title="bbox 105 1301 1582 1351; baseline 0.002 -21"><span class='ocrx_word' id='word_1_235' title='bbox 105 1301 241 1337; x_wconf 85' lang='lat' dir='ltr'>iufixum,</span> <span class='ocrx_word' id='word_1_236' title='bbox 262 1301 356 1340; x_wconf 89' lang='lat' dir='ltr'>quoad</span> <span class='ocrx_word' id='word_1_237' title='bbox 371 1311 493 1340; x_wconf 86' lang='lat' dir='ltr'>quereus</span> <span class='ocrx_word' id='word_1_238' title='bbox 680 1306 862 1351; x_wconf 78' lang='lat' dir='ltr'>emptum</span> <span class='ocrx_word' id='word_1_239' title='bbox 1580 1310 1582 1312; x_wconf 80' lang='grc'><strong>“</strong></span> 
     </span>
    </p>
   </div>
   <div class='ocr_carea' id='block_1_26' title="bbox 105 1341 494 1421">
    <p class='ocr_par' dir='ltr' id='par_1_26' title="bbox 105 1341 494 1421">
     <span class='ocr_line' id='line_1_40' title="bbox 105 1341 493 1378; baseline -0.003 -6"><span class='ocrx_word' id='word_1_240' title='bbox 105 1343 214 1372; x_wconf 81' lang='lat' dir='ltr'>restitit</span> <span class='ocrx_word' id='word_1_241' title='bbox 230 1350 306 1371; x_wconf 83' lang='lat' dir='ltr'>retro</span> <span class='ocrx_word' id='word_1_242' title='bbox 321 1341 445 1378; x_wconf 83' lang='lat' dir='ltr'>cedenti,</span> <span class='ocrx_word' id='word_1_243' title='bbox 465 1350 493 1371; x_wconf 89' lang='lat' dir='ltr'>et</span> 
     </span>
     <span class='ocr_line' id='line_1_41' title="bbox 106 1383 494 1421; baseline 0.003 -9"><span class='ocrx_word' id='word_1_244' title='bbox 106 1384 202 1415; x_wconf 78' lang='lat' dir='ltr'>cervix</span> <span class='ocrx_word' id='word_1_245' title='bbox 226 1383 341 1421; x_wconf 79' lang='lat' dir='ltr'>trajecta</span> <span class='ocrx_word' id='word_1_246' title='bbox 369 1391 411 1412; x_wconf 88' lang='lat' dir='ltr'>est</span> <span class='ocrx_word' id='word_1_247' title='bbox 436 1394 494 1414; x_wconf 84' lang='lat' dir='ltr'>una</span> 
     </span>
    </p>
   </div>
   <div class='ocr_carea' id='block_1_27' title="bbox 479 1351 1509 1408">
    <p class='ocr_par' dir='ltr' id='par_1_27' title="bbox 479 1351 1509 1408">
     <span class='ocr_line' id='line_1_42' title="bbox 479 1351 1509 1408; baseline 0.001 -15"><span class='ocrx_word' id='word_1_248' title='bbox 479 1384 488 1393; x_wconf 37' lang='lat' dir='ltr'>x</span> <span class='ocrx_word' id='word_1_249' title='bbox 512 1352 746 1407; x_wconf 89' lang='lat' dir='ltr'>Serpentem</span> <span class='ocrx_word' id='word_1_250' title='bbox 770 1351 944 1406; x_wconf 85' lang='lat' dir='ltr'>spectas!</span> <span class='ocrx_word' id='word_1_251' title='bbox 968 1361 1007 1392; x_wconf 89' lang='lat' dir='ltr'>et</span> <span class='ocrx_word' id='word_1_252' title='bbox 1027 1360 1069 1392; x_wconf 90' lang='lat' dir='ltr'>tu</span> <span class='ocrx_word' id='word_1_253' title='bbox 1091 1354 1318 1407; x_wconf 84' lang='lat' dir='ltr'>spectabere</span> <span class='ocrx_word' id='word_1_254' title='bbox 1338 1368 1509 1408; x_wconf 85' lang='lat' dir='ltr'>serpens.</span> 
     </span>
    </p>
   </div>
   <div class='ocr_carea' id='block_1_28' title="bbox 107 1408 1607 1522">
    <p class='ocr_par' dir='ltr' id='par_1_28' title="bbox 107 1408 1607 1522">
     <span class='ocr_line' id='line_1_43' title="bbox 107 1408 1502 1464; baseline 0.001 -16"><span class='ocrx_word' id='word_1_255' title='bbox 107 1434 175 1454; x_wconf 81' lang='lat' dir='ltr'>cum</span> <span class='ocrx_word' id='word_1_256' title='bbox 187 1434 305 1464; x_wconf 78' lang='lat' dir='ltr'>quercu.</span> <span class='ocrx_word' id='word_1_257' title='bbox 341 1424 493 1454; x_wconf 73' lang='lat' dir='ltr'>Arborin-</span> <span class='ocrx_word' id='word_1_258' title='bbox 511 1409 586 1448; x_wconf 91' lang='lat' dir='ltr'>Ille</span> <span class='ocrx_word' id='word_1_259' title='bbox 607 1409 674 1448; x_wconf 90' lang='lat' dir='ltr'>diu</span> <span class='ocrx_word' id='word_1_260' title='bbox 694 1408 873 1462; x_wconf 49' lang='lat' dir='ltr'>pavidus</span> <span class='ocrx_word' id='word_1_261' title='bbox 894 1408 1038 1462; x_wconf 85' lang='lat' dir='ltr'>pariter</span> <span class='ocrx_word' id='word_1_262' title='bbox 1058 1423 1150 1449; x_wconf 90' lang='lat' dir='ltr'>eum</span> <span class='ocrx_word' id='word_1_263' title='bbox 1173 1417 1309 1449; x_wconf 84' lang='lat' dir='ltr'>mente</span> <span class='ocrx_word' id='word_1_264' title='bbox 1330 1412 1502 1450; x_wconf 88' lang='lat' dir='ltr'>colorem</span> 
     </span>
     <span class='ocr_line' id='line_1_44' title="bbox 108 1464 1607 1522; baseline 0.002 -19"><span class='ocrx_word' id='word_1_265' title='bbox 108 1465 216 1495; x_wconf 68' lang='lat' dir='ltr'>cunata</span> <span class='ocrx_word' id='word_1_266' title='bbox 231 1474 273 1495; x_wconf 80' lang='lat' dir='ltr'>est</span> <span class='ocrx_word' id='word_1_267' title='bbox 288 1475 375 1495; x_wconf 77' lang='lat' dir='ltr'>onere</span> <span class='ocrx_word' id='word_1_268' title='bbox 397 1465 494 1495; x_wconf 81' lang='lat' dir='ltr'>draco-</span> <span class='ocrx_word' id='word_1_269' title='bbox 511 1464 750 1514; x_wconf 84' lang='lat' dir='ltr'>Perdiderat,</span> <span class='ocrx_word' id='word_1_270' title='bbox 769 1464 980 1518; x_wconf 85' lang='lat' dir='ltr'>gelidoque</span> <span class='ocrx_word' id='word_1_271' title='bbox 995 1477 1129 1504; x_wconf 68' lang='lat' dir='ltr'>comae</span> <span class='ocrx_word' id='word_1_272' title='bbox 1149 1473 1294 1505; x_wconf 87' lang='lat' dir='ltr'>terrore</span> <span class='ocrx_word' id='word_1_273' title='bbox 1313 1466 1507 1519; x_wconf 86' lang='lat' dir='ltr'>rigebant.</span> <span class='ocrx_word' id='word_1_274' title='bbox 1529 1470 1607 1522; x_wconf 71' lang='lat' dir='ltr'>lOO</span> 
     </span>
    </p>
   </div>
   <div class='ocr_carea' id='block_1_29' title="bbox 106 1507 494 1588">
    <p class='ocr_par' dir='ltr' id='par_1_29' title="bbox 106 1507 494 1588">
     <span class='ocr_line' id='line_1_45' title="bbox 107 1507 494 1547; baseline 0 -11"><span class='ocrx_word' id='word_1_275' title='bbox 107 1507 164 1543; x_wconf 87' lang='lat' dir='ltr'>nis,</span> <span class='ocrx_word' id='word_1_276' title='bbox 189 1516 219 1536; x_wconf 87' lang='lat' dir='ltr'>et</span> <span class='ocrx_word' id='word_1_277' title='bbox 243 1508 384 1547; x_wconf 84' lang='lat' dir='ltr'>gemitum</span> <span class='ocrx_word' id='word_1_278' title='bbox 406 1507 494 1536; x_wconf 83' lang='lat' dir='ltr'>edidit</span> 
     </span>
     <span class='ocr_line' id='line_1_46' title="bbox 106 1548 493 1588; baseline 0 -11"><span class='ocrx_word' id='word_1_279' title='bbox 106 1549 174 1577; x_wconf 71' lang='lat' dir='ltr'>cum</span> <span class='ocrx_word' id='word_1_280' title='bbox 197 1558 246 1578; x_wconf 81' lang='lat' dir='ltr'>sua</span> <span class='ocrx_word' id='word_1_281' title='bbox 268 1548 346 1588; x_wconf 81' lang='lat' dir='ltr'>ligna</span> <span class='ocrx_word' id='word_1_282' title='bbox 364 1548 493 1577; x_wconf 82' lang='lat' dir='ltr'>verbera-</span> 
     </span>
    </p>
   </div>
   <div class='ocr_carea' id='block_1_30' title="bbox 510 1519 1457 1574">
    <p class='ocr_par' dir='ltr' id='par_1_30' title="bbox 510 1519 1457 1574">
     <span class='ocr_line' id='line_1_47' title="bbox 510 1519 1457 1574; baseline 0.002 -15"><span class='ocrx_word' id='word_1_283' title='bbox 510 1519 634 1569; x_wconf 87' lang='lat' dir='ltr'>Ecce,</span> <span class='ocrx_word' id='word_1_284' title='bbox 651 1520 724 1559; x_wconf 91' lang='lat' dir='ltr'>viri</span> <span class='ocrx_word' id='word_1_285' title='bbox 741 1519 885 1560; x_wconf 80' lang='lat' dir='ltr'>fautrix</span> <span class='ocrx_word' id='word_1_286' title='bbox 901 1533 1059 1572; x_wconf 84' lang='lat' dir='ltr'>superas</span> <span class='ocrx_word' id='word_1_287' title='bbox 1079 1520 1238 1573; x_wconf 86' lang='lat' dir='ltr'>delapsa</span> <span class='ocrx_word' id='word_1_288' title='bbox 1256 1535 1328 1574; x_wconf 87' lang='lat' dir='ltr'>per</span> <span class='ocrx_word' id='word_1_289' title='bbox 1346 1535 1457 1561; x_wconf 83' lang='lat' dir='ltr'>auras</span> 
     </span>
    </p>
   </div>
   <div class='ocr_carea' id='block_1_31' title="bbox 105 1574 1508 1684">
    <p class='ocr_par' dir='ltr' id='par_1_31' title="bbox 105 1574 1508 1684">
     <span class='ocr_line' id='line_1_48' title="bbox 105 1574 1508 1629; baseline 0.003 -15"><span class='ocrx_word' id='word_1_290' title='bbox 105 1596 218 1625; x_wconf 80' lang='lat' dir='ltr'>rentur,</span> <span class='ocrx_word' id='word_1_291' title='bbox 249 1593 328 1628; x_wconf 75' lang='lat' dir='ltr'>parte</span> <span class='ocrx_word' id='word_1_292' title='bbox 366 1590 493 1618; x_wconf 62' lang='lat' dir='ltr'>extrema</span> <span class='ocrx_word' id='word_1_293' title='bbox 511 1575 638 1614; x_wconf 88' lang='lat' dir='ltr'>Pallas</span> <span class='ocrx_word' id='word_1_294' title='bbox 657 1576 789 1617; x_wconf 85' lang='lat' dir='ltr'>adest:</span> <span class='ocrx_word' id='word_1_295' title='bbox 809 1582 1008 1629; x_wconf 66' lang='lat' dir='ltr'>motaeque</span> <span class='ocrx_word' id='word_1_296' title='bbox 1024 1574 1139 1628; x_wconf 86' lang='lat' dir='ltr'>jubet</span> <span class='ocrx_word' id='word_1_297' title='bbox 1153 1590 1374 1629; x_wconf 86' lang='lat' dir='ltr'>supponere</span> <span class='ocrx_word' id='word_1_298' title='bbox 1394 1584 1508 1618; x_wconf 84' lang='lat' dir='ltr'>terrae</span> 
     </span>
     <span class='ocr_line' id='line_1_49' title="bbox 105 1628 1448 1684; baseline 0.001 -14"><span class='ocrx_word' id='word_1_299' title='bbox 105 1628 205 1659; x_wconf 66' lang='lat' dir='ltr'>⁰³⁰³ae</span> <span class='ocrx_word' id='word_1_300' title='bbox 224 1630 374 1659; x_wconf 71' lang='lat' dir='ltr'>Draconis.</span> <span class='ocrx_word' id='word_1_301' title='bbox 410 1629 492 1659; x_wconf 87' lang='lat' dir='ltr'>Dum</span> <span class='ocrx_word' id='word_1_302' title='bbox 512 1630 700 1683; x_wconf 86' lang='lat' dir='ltr'>Vipereos</span> <span class='ocrx_word' id='word_1_303' title='bbox 720 1631 871 1681; x_wconf 86' lang='lat' dir='ltr'>dentes,</span> <span class='ocrx_word' id='word_1_304' title='bbox 887 1631 1023 1684; x_wconf 88' lang='lat' dir='ltr'>populi</span> <span class='ocrx_word' id='word_1_305' title='bbox 1045 1631 1292 1671; x_wconf 83' lang='lat' dir='ltr'>incrementa</span> <span class='ocrx_word' id='word_1_306' title='bbox 1312 1632 1448 1683; x_wconf 76' lang='lat' dir='ltr'>suturi.</span> 
     </span>
    </p>
   </div>
   <div class='ocr_carea' id='block_1_32' title="bbox 102 1671 493 1752">
    <p class='ocr_par' dir='ltr' id='par_1_32' title="bbox 102 1671 493 1752">
     <span class='ocr_line' id='line_1_50' title="bbox 103 1671 493 1711; baseline -0.003 -11"><span class='ocrx_word' id='word_1_307' title='bbox 103 1671 220 1700; x_wconf 71' lang='lat' dir='ltr'>victoria</span> <span class='ocrx_word' id='word_1_308' title='bbox 235 1671 343 1711; x_wconf 85' lang='lat' dir='ltr'>potitus</span> <span class='ocrx_word' id='word_1_309' title='bbox 364 1680 493 1700; x_wconf 76' lang='lat' dir='ltr'>contem-</span> 
     </span>
     <span class='ocr_line' id='line_1_51' title="bbox 102 1712 492 1752; baseline 0 -11"><span class='ocrx_word' id='word_1_310' title='bbox 102 1712 200 1752; x_wconf 85' lang='lat' dir='ltr'>platur</span> <span class='ocrx_word' id='word_1_311' title='bbox 208 1712 437 1752; x_wconf 75' lang='lat' dir='ltr'>magnitudinem</span> <span class='ocrx_word' id='word_1_312' title='bbox 446 1723 492 1741; x_wconf 90' lang='lat' dir='ltr'>su-</span> 
     </span>
    </p>
   </div>
   <div class='ocr_carea' id='block_1_33' title="bbox 512 1686 1577 1739">
    <p class='ocr_par' dir='ltr' id='par_1_33' title="bbox 512 1686 1577 1739">
     <span class='ocr_line' id='line_1_52' title="bbox 512 1686 1577 1739; baseline 0.004 -15"><span class='ocrx_word' id='word_1_313' title='bbox 512 1686 652 1727; x_wconf 86' lang='lat' dir='ltr'>Paret:</span> <span class='ocrx_word' id='word_1_314' title='bbox 669 1694 721 1734; x_wconf 83' lang='lat' dir='ltr'>et,</span> <span class='ocrx_word' id='word_1_315' title='bbox 741 1694 784 1725; x_wconf 90' lang='lat' dir='ltr'>ut</span> <span class='ocrx_word' id='word_1_316' title='bbox 802 1699 932 1738; x_wconf 89' lang='lat' dir='ltr'>presso</span> <span class='ocrx_word' id='word_1_317' title='bbox 947 1687 1103 1726; x_wconf 89' lang='lat' dir='ltr'>sulcum</span> <span class='ocrx_word' id='word_1_318' title='bbox 1120 1687 1307 1739; x_wconf 83' lang='lat' dir='ltr'>patefecit</span> <span class='ocrx_word' id='word_1_319' title='bbox 1327 1695 1468 1736; x_wconf 86' lang='lat' dir='ltr'>aratro,</span> <span class='ocrx_word' id='word_1_320' title='bbox 1542 1694 1577 1727; x_wconf 58' lang='grc' dir='ltr'>»ἢ</span> 
     </span>
    </p>
   </div>
   <div class='ocr_carea' id='block_1_34' title="bbox 101 1739 1613 1795">
    <p class='ocr_par' dir='ltr' id='par_1_34' title="bbox 101 1739 1613 1795">
     <span class='ocr_line' id='line_1_53' title="bbox 101 1739 1613 1795; baseline 0 -13"><span class='ocrx_word' id='word_1_321' title='bbox 101 1754 192 1793; x_wconf 77' lang='lat' dir='ltr'>perati</span> <span class='ocrx_word' id='word_1_322' title='bbox 201 1751 304 1788; x_wconf 72' lang='lat' dir='ltr'>hostis,</span> <span class='ocrx_word' id='word_1_323' title='bbox 318 1755 434 1792; x_wconf 59' lang='lat' dir='ltr'>repente</span> <span class='ocrx_word' id='word_1_324' title='bbox 447 1763 493 1782; x_wconf 79' lang='lat' dir='ltr'>so·</span> <span class='ocrx_word' id='word_1_325' title='bbox 511 1741 670 1795; x_wconf 87' lang='lat' dir='ltr'>Spargit</span> <span class='ocrx_word' id='word_1_326' title='bbox 689 1741 803 1781; x_wconf 91' lang='lat' dir='ltr'>humi</span> <span class='ocrx_word' id='word_1_327' title='bbox 817 1739 958 1794; x_wconf 85' lang='lat' dir='ltr'>jussos,</span> <span class='ocrx_word' id='word_1_328' title='bbox 973 1743 1156 1781; x_wconf 83' lang='lat' dir='ltr'>mortalia</span> <span class='ocrx_word' id='word_1_329' title='bbox 1174 1742 1340 1793; x_wconf 82' lang='lat' dir='ltr'>semina,</span> <span class='ocrx_word' id='word_1_330' title='bbox 1356 1743 1507 1783; x_wconf 83' lang='lat' dir='ltr'>dentes.</span> <span class='ocrx_word' id='word_1_331' title='bbox 1532 1745 1613 1791; x_wconf 66' lang='lat'>105</span> 
     </span>
    </p>
   </div>
   <div class='ocr_carea' id='block_1_35' title="bbox 103 1794 491 1832">
    <p class='ocr_par' dir='ltr' id='par_1_35' title="bbox 103 1794 491 1832">
     <span class='ocr_line' id='line_1_54' title="bbox 103 1794 491 1832; baseline -0.005 -8"><span class='ocrx_word' id='word_1_332' title='bbox 103 1804 160 1824; x_wconf 90' lang='lat' dir='ltr'>nus</span> <span class='ocrx_word' id='word_1_333' title='bbox 188 1794 303 1823; x_wconf 80' lang='lat' dir='ltr'>auditus</span> <span class='ocrx_word' id='word_1_334' title='bbox 332 1802 394 1822; x_wconf 78' lang='lat' dir='ltr'>est:</span> <span class='ocrx_word' id='word_1_335' title='bbox 427 1794 491 1832; x_wconf 88' lang='lat' dir='ltr'>(ne-</span> 
     </span>
    </p>
   </div>
   <div class='ocr_carea' id='block_1_36' title="bbox 103 1832 1627 2040">
    <p class='ocr_par' dir='ltr' id='par_1_36' title="bbox 103 1832 1627 2040">
     <span class='ocr_line' id='line_1_55' title="bbox 103 1832 1627 1875; baseline 0 -11"><span class='ocrx_word' id='word_1_336' title='bbox 103 1845 162 1874; x_wconf 88' lang='lat' dir='ltr'>que</span> <span class='ocrx_word' id='word_1_337' title='bbox 177 1843 236 1864; x_wconf 84' lang='lat' dir='ltr'>erat</span> <span class='ocrx_word' id='word_1_338' title='bbox 250 1834 471 1873; x_wconf 75' lang='lat' dir='ltr'>fucilejudicare</span> <span class='ocrx_word' id='word_1_339' title='bbox 484 1834 573 1869; x_wconf 86' lang='lat' dir='ltr'>unde;</span> <span class='ocrx_word' id='word_1_340' title='bbox 597 1833 645 1863; x_wconf 92' lang='lat' dir='ltr'>sed</span> <span class='ocrx_word' id='word_1_341' title='bbox 661 1833 774 1863; x_wconf 77' lang='lat' dir='ltr'>auditus</span> <span class='ocrx_word' id='word_1_342' title='bbox 789 1833 843 1872; x_wconf 81' lang='lat' dir='ltr'>est)</span> <span class='ocrx_word' id='word_1_343' title='bbox 869 1832 1082 1869; x_wconf 85' lang='lat' dir='ltr'>Quamobrem,</span> <span class='ocrx_word' id='word_1_344' title='bbox 1105 1834 1145 1863; x_wconf 79' lang='lat' dir='ltr'>{ili</span> <span class='ocrx_word' id='word_1_345' title='bbox 1166 1834 1322 1873; x_wconf 81' lang='lat' dir='ltr'>Agenoris,</span> <span class='ocrx_word' id='word_1_346' title='bbox 1346 1835 1467 1864; x_wconf 75' lang='lat' dir='ltr'>intueris</span> <span class='ocrx_word' id='word_1_347' title='bbox 1481 1844 1607 1875; x_wconf 73' lang='lat' dir='ltr'>anguem</span> <span class='ocrx_word' id='word_1_348' title='bbox 1622 1838 1627 1840; x_wconf 85' lang='lat'>&#39;</span> 
     </span>
     <span class='ocr_line' id='line_1_56' title="bbox 103 1873 1607 1915; baseline -0.001 -9"><span class='ocrx_word' id='word_1_349' title='bbox 103 1875 289 1906; x_wconf 77' lang='lat' dir='ltr'>interfectum</span> <span class='ocrx_word' id='word_1_350' title='bbox 301 1877 312 1904; x_wconf 91' lang='lat'>?</span> <span class='ocrx_word' id='word_1_351' title='bbox 357 1875 403 1904; x_wconf 88' lang='lat' dir='ltr'>Tu</span> <span class='ocrx_word' id='word_1_352' title='bbox 417 1886 533 1915; x_wconf 88' lang='lat' dir='ltr'>quoque</span> <span class='ocrx_word' id='word_1_353' title='bbox 554 1875 698 1915; x_wconf 83' lang='lat' dir='ltr'>aspicieris</span> <span class='ocrx_word' id='word_1_354' title='bbox 713 1875 825 1915; x_wconf 79' lang='lat' dir='ltr'>anguis,</span> <span class='ocrx_word' id='word_1_355' title='bbox 868 1873 922 1903; x_wconf 85' lang='lat' dir='ltr'>Ille</span> <span class='ocrx_word' id='word_1_356' title='bbox 935 1874 985 1903; x_wconf 85' lang='lat' dir='ltr'>diu</span> <span class='ocrx_word' id='word_1_357' title='bbox 998 1875 1113 1904; x_wconf 75' lang='lat' dir='ltr'>territus</span> <span class='ocrx_word' id='word_1_358' title='bbox 1131 1876 1265 1904; x_wconf 77' lang='lat' dir='ltr'>amiserat</span> <span class='ocrx_word' id='word_1_359' title='bbox 1279 1875 1366 1904; x_wconf 77' lang='lat' dir='ltr'>simul</span> <span class='ocrx_word' id='word_1_360' title='bbox 1381 1875 1506 1905; x_wconf 87' lang='lat' dir='ltr'>colorem</span> <span class='ocrx_word' id='word_1_361' title='bbox 1519 1882 1607 1915; x_wconf 79' lang='lat' dir='ltr'>atque</span> 
     </span>
     <span class='ocr_line' id='line_1_57' title="bbox 105 1913 1612 1956; baseline 0 -10"><span class='ocrx_word' id='word_1_362' title='bbox 105 1918 238 1946; x_wconf 86' lang='lat' dir='ltr'>animum</span> <span class='ocrx_word' id='word_1_363' title='bbox 247 1930 254 1952; x_wconf 89' lang='lat'>;</span> <span class='ocrx_word' id='word_1_364' title='bbox 279 1926 309 1946; x_wconf 85' lang='lat' dir='ltr'>et</span> <span class='ocrx_word' id='word_1_365' title='bbox 325 1917 420 1956; x_wconf 86' lang='lat' dir='ltr'>capilli</span> <span class='ocrx_word' id='word_1_366' title='bbox 433 1917 547 1945; x_wconf 81' lang='lat' dir='ltr'>stabant</span> <span class='ocrx_word' id='word_1_367' title='bbox 562 1916 666 1956; x_wconf 83' lang='lat' dir='ltr'>frigido</span> <span class='ocrx_word' id='word_1_368' title='bbox 681 1926 793 1956; x_wconf 68' lang='lat' dir='ltr'>pax-ore.</span> <span class='ocrx_word' id='word_1_369' title='bbox 836 1914 914 1945; x_wconf 70' lang='lat' dir='ltr'>Ecce</span> <span class='ocrx_word' id='word_1_370' title='bbox 924 1913 1015 1944; x_wconf 87' lang='lat' dir='ltr'>Pallas</span> <span class='ocrx_word' id='word_1_371' title='bbox 1032 1916 1091 1944; x_wconf 75' lang='lat' dir='ltr'>vim</span> <span class='ocrx_word' id='word_1_372' title='bbox 1107 1915 1202 1945; x_wconf 85' lang='lat' dir='ltr'>favens</span> <span class='ocrx_word' id='word_1_373' title='bbox 1216 1916 1350 1945; x_wconf 81' lang='lat' dir='ltr'>devoluta</span> <span class='ocrx_word' id='word_1_374' title='bbox 1369 1926 1422 1955; x_wconf 85' lang='lat' dir='ltr'>per</span> <span class='ocrx_word' id='word_1_375' title='bbox 1435 1915 1545 1946; x_wconf 76' lang='lat' dir='ltr'>aethera</span> <span class='ocrx_word' id='word_1_376' title='bbox 1562 1927 1612 1946; x_wconf 85' lang='lat' dir='ltr'>su-</span> 
     </span>
     <span class='ocr_line' id='line_1_58' title="bbox 105 1956 1610 1998; baseline -0.001 -11"><span class='ocrx_word' id='word_1_377' title='bbox 105 1968 239 1998; x_wconf 86' lang='lat' dir='ltr'>premum</span> <span class='ocrx_word' id='word_1_378' title='bbox 255 1958 345 1994; x_wconf 85' lang='lat' dir='ltr'>adest,</span> <span class='ocrx_word' id='word_1_379' title='bbox 368 1966 396 1987; x_wconf 90' lang='lat' dir='ltr'>et</span> <span class='ocrx_word' id='word_1_380' title='bbox 412 1958 533 1997; x_wconf 79' lang='lat' dir='ltr'>imperat</span> <span class='ocrx_word' id='word_1_381' title='bbox 548 1958 680 1987; x_wconf 79' lang='lat' dir='ltr'>mandare</span> <span class='ocrx_word' id='word_1_382' title='bbox 696 1966 779 1987; x_wconf 74' lang='lat' dir='ltr'>terrae</span> <span class='ocrx_word' id='word_1_383' title='bbox 794 1957 916 1986; x_wconf 84' lang='lat' dir='ltr'>excultae</span> <span class='ocrx_word' id='word_1_384' title='bbox 930 1957 1030 1986; x_wconf 76' lang='lat' dir='ltr'>dentes</span> <span class='ocrx_word' id='word_1_385' title='bbox 1046 1957 1184 1993; x_wconf 86' lang='lat' dir='ltr'>draconis,</span> <span class='ocrx_word' id='word_1_386' title='bbox 1207 1957 1384 1986; x_wconf 80' lang='lat' dir='ltr'>incrementa</span> <span class='ocrx_word' id='word_1_387' title='bbox 1396 1956 1496 1997; x_wconf 86' lang='lat' dir='ltr'>populi</span> <span class='ocrx_word' id='word_1_388' title='bbox 1510 1956 1610 1986; x_wconf 83' lang='lat' dir='ltr'>futuri.</span> 
     </span>
     <span class='ocr_line' id='line_1_59' title="bbox 104 1997 1607 2040; baseline -0.001 -12"><span class='ocrx_word' id='word_1_389' title='bbox 104 1998 311 2038; x_wconf 71' lang='lat' dir='ltr'>Obtemperat,</span> <span class='ocrx_word' id='word_1_390' title='bbox 335 2007 365 2028; x_wconf 86' lang='lat' dir='ltr'>et</span> <span class='ocrx_word' id='word_1_391' title='bbox 388 2007 538 2039; x_wconf 82' lang='lat' dir='ltr'>postquam</span> <span class='ocrx_word' id='word_1_392' title='bbox 564 2000 678 2039; x_wconf 85' lang='lat' dir='ltr'>aperuit</span> <span class='ocrx_word' id='word_1_393' title='bbox 699 1999 812 2028; x_wconf 87' lang='lat' dir='ltr'>sulcum</span> <span class='ocrx_word' id='word_1_394' title='bbox 834 1999 961 2040; x_wconf 84' lang='lat' dir='ltr'>impacto</span> <span class='ocrx_word' id='word_1_395' title='bbox 981 2005 1085 2034; x_wconf 76' lang='lat' dir='ltr'>aratro,</span> <span class='ocrx_word' id='word_1_396' title='bbox 1107 1999 1137 2027; x_wconf 86' lang='lat' dir='ltr'>in</span> <span class='ocrx_word' id='word_1_397' title='bbox 1159 2007 1263 2029; x_wconf 83' lang='lat' dir='ltr'>terram</span> <span class='ocrx_word' id='word_1_398' title='bbox 1287 1997 1342 2037; x_wconf 71' lang='lat' dir='ltr'>(uti</span> <span class='ocrx_word' id='word_1_399' title='bbox 1353 1998 1441 2037; x_wconf 74' lang='lat' dir='ltr'>jussit</span> <span class='ocrx_word' id='word_1_400' title='bbox 1457 1998 1607 2038; x_wconf 84' lang='lat' dir='ltr'>Minerva)</span> 
     </span>
    </p>
   </div>
   <div class='ocr_carea' id='block_1_37' title="bbox 104 2040 622 2077">
    <p class='ocr_par' dir='ltr' id='par_1_37' title="bbox 104 2040 622 2077">
     <span class='ocr_line' id='line_1_60' title="bbox 104 2040 622 2077; baseline -0.002 -7"><span class='ocrx_word' id='word_1_401' title='bbox 104 2040 195 2070; x_wconf 85' lang='lat' dir='ltr'>mittit</span> <span class='ocrx_word' id='word_1_402' title='bbox 209 2041 323 2077; x_wconf 86' lang='lat' dir='ltr'>dentes,</span> <span class='ocrx_word' id='word_1_403' title='bbox 336 2041 447 2070; x_wconf 77' lang='lat' dir='ltr'>semina</span> <span class='ocrx_word' id='word_1_404' title='bbox 461 2040 622 2069; x_wconf 83' lang='lat' dir='ltr'>hominum.</span> 
     </span>
    </p>
   </div>
   <div class='ocr_carea' id='block_1_38' title="bbox 802 2116 941 2152">
    <p class='ocr_par' dir='ltr' id='par_1_38' title="bbox 802 2116 941 2152">
     <span class='ocr_line' id='line_1_61' title="bbox 802 2116 941 2152; baseline 0.007 -1"><span class='ocrx_word' id='word_1_405' title='bbox 802 2116 941 2152; x_wconf 71' lang='lat' dir='ltr'><strong>NOTAE.</strong></span> 
     </span>
    </p>
   </div>
   <div class='ocr_carea' id='block_1_39' title="bbox 104 2185 834 2278">
    <p class='ocr_par' dir='ltr' id='par_1_39' title="bbox 104 2185 834 2278">
     <span class='ocr_line' id='line_1_62' title="bbox 147 2185 834 2235; baseline -0.003 -9"><span class='ocrx_word' id='word_1_406' title='bbox 147 2202 198 2226; x_wconf 70' lang='lat'>84.</span> <span class='ocrx_word' id='word_1_407' title='bbox 213 2185 356 2235; x_wconf 61' lang='lat' dir='ltr'>Figithur]</span> <span class='ocrx_word' id='word_1_408' title='bbox 374 2197 436 2225; x_wconf 88' lang='lat' dir='ltr'>Aut</span> <span class='ocrx_word' id='word_1_409' title='bbox 450 2198 528 2225; x_wconf 69' lang='lat' dir='ltr'>certe</span> <span class='ocrx_word' id='word_1_410' title='bbox 541 2196 628 2235; x_wconf 72' lang='lat' dir='ltr'>figere</span> <span class='ocrx_word' id='word_1_411' title='bbox 644 2196 761 2230; x_wconf 75' lang='lat' dir='ltr'>nititur3</span> <span class='ocrx_word' id='word_1_412' title='bbox 775 2205 834 2224; x_wconf 88' lang='lat' dir='ltr'>ma-</span> 
     </span>
     <span class='ocr_line' id='line_1_63' title="bbox 104 2237 655 2278; baseline -0.002 -11"><span class='ocrx_word' id='word_1_413' title='bbox 104 2238 207 2278; x_wconf 82' lang='lat' dir='ltr'>gisque</span> <span class='ocrx_word' id='word_1_414' title='bbox 222 2245 251 2266; x_wconf 88' lang='lat' dir='ltr'>et</span> <span class='ocrx_word' id='word_1_415' title='bbox 266 2238 366 2266; x_wconf 83' lang='lat' dir='ltr'>dentes</span> <span class='ocrx_word' id='word_1_416' title='bbox 382 2246 409 2266; x_wconf 88' lang='lat' dir='ltr'>et</span> <span class='ocrx_word' id='word_1_417' title='bbox 424 2238 551 2276; x_wconf 67' lang='lat' dir='ltr'>palatum</span> <span class='ocrx_word' id='word_1_418' title='bbox 569 2237 655 2266; x_wconf 83' lang='lat' dir='ltr'>laedit.</span> 
     </span>
    </p>
   </div>
   <div class='ocr_carea' id='block_1_40' title="bbox 149 2277 855 2316">
    <p class='ocr_par' dir='ltr' id='par_1_40' title="bbox 149 2277 855 2316">
     <span class='ocr_line' id='line_1_64' title="bbox 149 2277 855 2316; baseline -0.001 -8"><span class='ocrx_word' id='word_1_419' title='bbox 149 2285 198 2311; x_wconf 82' lang='lat'>92.</span> <span class='ocrx_word' id='word_1_420' title='bbox 222 2279 297 2308; x_wconf 69' lang='lat' dir='ltr'><em>Fixa</em></span> <span class='ocrx_word' id='word_1_421' title='bbox 312 2278 364 2316; x_wconf 71' lang='lat' dir='ltr'>est]</span> <span class='ocrx_word' id='word_1_422' title='bbox 390 2277 444 2307; x_wconf 84' lang='lat' dir='ltr'>Per</span> <span class='ocrx_word' id='word_1_423' title='bbox 463 2278 537 2307; x_wconf 83' lang='lat' dir='ltr'>hanc</span> <span class='ocrx_word' id='word_1_424' title='bbox 558 2278 690 2307; x_wconf 87' lang='lat' dir='ltr'>draconis</span> <span class='ocrx_word' id='word_1_425' title='bbox 710 2285 834 2307; x_wconf 84' lang='lat' dir='ltr'>mortem</span> <span class='ocrx_word' id='word_1_426' title='bbox 849 2284 855 2290; x_wconf 69' lang='lat'><strong><em>‘</em></strong></span> 
     </span>
    </p>
   </div>
   <div class='ocr_carea' id='block_1_41' title="bbox 81 2317 835 2772">
    <p class='ocr_par' dir='ltr' id='par_1_41' title="bbox 81 2317 835 2772">
     <span class='ocr_line' id='line_1_65' title="bbox 104 2317 834 2359; baseline -0.003 -10"><span class='ocrx_word' id='word_1_427' title='bbox 104 2319 161 2350; x_wconf 81' lang='lat' dir='ltr'>alia</span> <span class='ocrx_word' id='word_1_428' title='bbox 172 2319 221 2349; x_wconf 86' lang='lat' dir='ltr'>alii</span> <span class='ocrx_word' id='word_1_429' title='bbox 237 2319 418 2359; x_wconf 82' lang='lat' dir='ltr'>intelligunt,</span> <span class='ocrx_word' id='word_1_430' title='bbox 439 2319 506 2347; x_wconf 85' lang='lat' dir='ltr'>dum</span> <span class='ocrx_word' id='word_1_431' title='bbox 526 2319 568 2347; x_wconf 88' lang='lat' dir='ltr'>vel</span> <span class='ocrx_word' id='word_1_432' title='bbox 584 2329 700 2348; x_wconf 87' lang='lat' dir='ltr'>sensum</span> <span class='ocrx_word' id='word_1_433' title='bbox 716 2317 834 2348; x_wconf 79' lang='lat' dir='ltr'>histori-</span> 
     </span>
     <span class='ocr_line' id='line_1_66' title="bbox 105 2356 835 2400; baseline -0.003 -10"><span class='ocrx_word' id='word_1_434' title='bbox 105 2371 185 2397; x_wconf 83' lang='lat' dir='ltr'>cum,</span> <span class='ocrx_word' id='word_1_435' title='bbox 204 2370 256 2390; x_wconf 80' lang='lat' dir='ltr'>aut</span> <span class='ocrx_word' id='word_1_436' title='bbox 270 2360 305 2389; x_wconf 83' lang='lat' dir='ltr'>ad</span> <span class='ocrx_word' id='word_1_437' title='bbox 328 2370 420 2388; x_wconf 86' lang='lat' dir='ltr'>mores</span> <span class='ocrx_word' id='word_1_438' title='bbox 439 2356 631 2399; x_wconf 54' lang='lat' dir='ltr'>spectantem,</span> <span class='ocrx_word' id='word_1_439' title='bbox 651 2361 835 2400; x_wconf 70' lang='lat' dir='ltr'>investigant.</span> 
     </span>
     <span class='ocr_line' id='line_1_67' title="bbox 105 2399 834 2440; baseline -0.003 -9"><span class='ocrx_word' id='word_1_440' title='bbox 105 2400 212 2435; x_wconf 72' lang='lat' dir='ltr'>Quoad</span> <span class='ocrx_word' id='word_1_441' title='bbox 226 2401 387 2436; x_wconf 78' lang='lat' dir='ltr'>historiam,</span> <span class='ocrx_word' id='word_1_442' title='bbox 404 2410 495 2429; x_wconf 77' lang='lat' dir='ltr'>narrat</span> <span class='ocrx_word' id='word_1_443' title='bbox 512 2399 705 2440; x_wconf 74' lang='lat' dir='ltr'>Palaephat‘us,</span> <span class='ocrx_word' id='word_1_444' title='bbox 723 2399 834 2430; x_wconf 83' lang='lat' dir='ltr'>Draco-</span> 
     </span>
     <span class='ocr_line' id='line_1_68' title="bbox 104 2440 833 2483; baseline -0.003 -10"><span class='ocrx_word' id='word_1_445' title='bbox 104 2453 173 2473; x_wconf 86' lang='lat' dir='ltr'>nem</span> <span class='ocrx_word' id='word_1_446' title='bbox 183 2443 326 2483; x_wconf 80' lang='lat' dir='ltr'>quendam</span> <span class='ocrx_word' id='word_1_447' title='bbox 336 2441 425 2472; x_wconf 77' lang='lat' dir='ltr'>fuisse</span> <span class='ocrx_word' id='word_1_448' title='bbox 441 2440 545 2470; x_wconf 74' lang='lat' dir='ltr'>Martis</span> <span class='ocrx_word' id='word_1_449' title='bbox 562 2442 662 2476; x_wconf 80' lang='lat' dir='ltr'>filium,</span> <span class='ocrx_word' id='word_1_450' title='bbox 675 2440 833 2471; x_wconf 57' lang='lat' dir='ltr'>Thebano-</span> 
     </span>
     <span class='ocr_line' id='line_1_69' title="bbox 104 2482 833 2525; baseline -0.004 -11"><span class='ocrx_word' id='word_1_451' title='bbox 104 2494 168 2514; x_wconf 84' lang='lat' dir='ltr'>rum</span> <span class='ocrx_word' id='word_1_452' title='bbox 190 2494 300 2525; x_wconf 88' lang='lat' dir='ltr'>regem,</span> <span class='ocrx_word' id='word_1_453' title='bbox 321 2493 407 2523; x_wconf 87' lang='lat' dir='ltr'>quem</span> <span class='ocrx_word' id='word_1_454' title='bbox 423 2482 551 2512; x_wconf 81' lang='lat' dir='ltr'>Cadmus</span> <span class='ocrx_word' id='word_1_455' title='bbox 574 2482 729 2518; x_wconf 76' lang='lat' dir='ltr'>interfecit,</span> <span class='ocrx_word' id='word_1_456' title='bbox 751 2483 833 2521; x_wconf 77' lang='lat' dir='ltr'>cujus</span> 
     </span>
     <span class='ocr_line' id='line_1_70' title="bbox 104 2523 834 2556; baseline -0.005 0"><span class='ocrx_word' id='word_1_457' title='bbox 104 2526 157 2556; x_wconf 79' lang='lat' dir='ltr'>filii</span> <span class='ocrx_word' id='word_1_458' title='bbox 171 2535 240 2555; x_wconf 77' lang='lat' dir='ltr'>euin</span> <span class='ocrx_word' id='word_1_459' title='bbox 254 2526 353 2554; x_wconf 81' lang='lat' dir='ltr'>amicis</span> <span class='ocrx_word' id='word_1_460' title='bbox 368 2526 426 2554; x_wconf 64' lang='lat' dir='ltr'>una</span> <span class='ocrx_word' id='word_1_461' title='bbox 445 2524 578 2553; x_wconf 70' lang='lat' dir='ltr'>adversus</span> <span class='ocrx_word' id='word_1_462' title='bbox 601 2525 738 2553; x_wconf 80' lang='lat' dir='ltr'>victorem</span> <span class='ocrx_word' id='word_1_463' title='bbox 757 2523 834 2553; x_wconf 74' lang='lat' dir='ltr'>cad-</span> 
     </span>
     <span class='ocr_line' id='line_1_71' title="bbox 102 2564 833 2605; baseline -0.003 -9"><span class='ocrx_word' id='word_1_464' title='bbox 102 2577 184 2596; x_wconf 88' lang='lat' dir='ltr'>mum</span> <span class='ocrx_word' id='word_1_465' title='bbox 209 2567 434 2602; x_wconf 64' lang='lat' dir='ltr'>insurrexmum,</span> <span class='ocrx_word' id='word_1_466' title='bbox 457 2565 548 2594; x_wconf 52' lang='lat' dir='ltr'>‹le-nec</span> <span class='ocrx_word' id='word_1_467' title='bbox 575 2572 604 2593; x_wconf 87' lang='lat' dir='ltr'>et</span> <span class='ocrx_word' id='word_1_468' title='bbox 630 2566 696 2605; x_wconf 85' lang='lat' dir='ltr'>ipsi,</span> <span class='ocrx_word' id='word_1_469' title='bbox 718 2565 796 2593; x_wconf 61' lang='lat' dir='ltr'>mma</span> <span class='ocrx_word' id='word_1_470' title='bbox 817 2564 833 2594; x_wconf 69' lang='grc' dir='ltr'>ὲ</span> 
     </span>
     <span class='ocr_line' id='line_1_72' title="bbox 103 2606 834 2645; baseline -0.005 -7"><span class='ocrx_word' id='word_1_471' title='bbox 103 2607 216 2638; x_wconf 86' lang='lat' dir='ltr'>Cadmo</span> <span class='ocrx_word' id='word_1_472' title='bbox 230 2607 306 2638; x_wconf 83' lang='lat' dir='ltr'>inter</span> <span class='ocrx_word' id='word_1_473' title='bbox 319 2616 368 2637; x_wconf 83' lang='lat' dir='ltr'>eos</span> <span class='ocrx_word' id='word_1_474' title='bbox 383 2607 534 2643; x_wconf 66' lang='lat' dir='ltr'>discordia,</span> <span class='ocrx_word' id='word_1_475' title='bbox 549 2606 584 2635; x_wconf 86' lang='lat' dir='ltr'>ab</span> <span class='ocrx_word' id='word_1_476' title='bbox 600 2606 702 2635; x_wconf 84' lang='lat' dir='ltr'>eodem</span> <span class='ocrx_word' id='word_1_477' title='bbox 717 2614 834 2645; x_wconf 76' lang='lat' dir='ltr'>supet-a-</span> 
     </span>
     <span class='ocr_line' id='line_1_73' title="bbox 81 2652 725 2679; baseline -0.005 0"><span class='ocrx_word' id='word_1_478' title='bbox 81 2652 87 2655; x_wconf 88' lang='grc'><strong>’</strong></span> <span class='ocrx_word' id='word_1_479' title='bbox 102 2657 211 2679; x_wconf 87' lang='lat' dir='ltr'>remur.</span> <span class='ocrx_word' id='word_1_480' title='bbox 721 2660 725 2663; x_wconf 93' lang='lat'>·</span> 
     </span>
     <span class='ocr_line' id='line_1_74' title="bbox 143 2685 831 2731; baseline -0.006 -11"><span class='ocrx_word' id='word_1_481' title='bbox 143 2696 193 2721; x_wconf 86' lang='lat'>98.</span> <span class='ocrx_word' id='word_1_482' title='bbox 202 2690 380 2731; x_wconf 74' lang='lat' dir='ltr'>Spectabere]</span> <span class='ocrx_word' id='word_1_483' title='bbox 395 2688 500 2730; x_wconf 85' lang='lat' dir='ltr'>Regno</span> <span class='ocrx_word' id='word_1_484' title='bbox 508 2688 606 2729; x_wconf 81' lang='lat' dir='ltr'>pulsus</span> <span class='ocrx_word' id='word_1_485' title='bbox 613 2686 649 2717; x_wconf 78' lang='lat' dir='ltr'>ab</span> <span class='ocrx_word' id='word_1_486' title='bbox 661 2685 831 2728; x_wconf 84' lang='lat' dir='ltr'>Amphione</span> 
     </span>
     <span class='ocr_line' id='line_1_75' title="bbox 87 2729 832 2772; baseline -0.004 -11"><span class='ocrx_word' id='word_1_487' title='bbox 87 2736 130 2761; x_wconf 85' lang='lat' dir='ltr'>&#39;et</span> <span class='ocrx_word' id='word_1_488' title='bbox 144 2730 242 2763; x_wconf 76' lang='lat' dir='ltr'>Zetho</span> <span class='ocrx_word' id='word_1_489' title='bbox 257 2733 292 2761; x_wconf 82' lang='lat' dir='ltr'>ad</span> <span class='ocrx_word' id='word_1_490' title='bbox 307 2730 420 2772; x_wconf 71' lang='lat' dir='ltr'>Illyrios</span> <span class='ocrx_word' id='word_1_491' title='bbox 435 2729 560 2766; x_wconf 73' lang='lat' dir='ltr'>transiit,</span> <span class='ocrx_word' id='word_1_492' title='bbox 581 2729 631 2759; x_wconf 88' lang='lat' dir='ltr'>ubi</span> <span class='ocrx_word' id='word_1_493' title='bbox 643 2729 704 2770; x_wconf 85' lang='lat' dir='ltr'>ipse</span> <span class='ocrx_word' id='word_1_494' title='bbox 719 2738 748 2758; x_wconf 84' lang='lat' dir='ltr'>et</span> <span class='ocrx_word' id='word_1_495' title='bbox 761 2738 832 2758; x_wconf 85' lang='lat' dir='ltr'>uxor</span> 
     </span>
    </p>
   </div>
   <div class='ocr_carea' id='block_1_42' title="bbox 876 2193 1610 2481">
    <p class='ocr_par' dir='ltr' id='par_1_42' title="bbox 876 2193 1609 2317">
     <span class='ocr_line' id='line_1_76' title="bbox 876 2193 1607 2234; baseline 0 -10"><span class='ocrx_word' id='word_1_496' title='bbox 876 2193 1039 2224; x_wconf 85' lang='lat' dir='ltr'>Hermione</span> <span class='ocrx_word' id='word_1_497' title='bbox 1070 2196 1100 2224; x_wconf 85' lang='lat' dir='ltr'>in</span> <span class='ocrx_word' id='word_1_498' title='bbox 1129 2203 1278 2234; x_wconf 82' lang='lat' dir='ltr'>serpentes</span> <span class='ocrx_word' id='word_1_499' title='bbox 1305 2194 1490 2224; x_wconf 74' lang='lat' dir='ltr'>transmutati</span> <span class='ocrx_word' id='word_1_500' title='bbox 1517 2202 1607 2224; x_wconf 86' lang='lat' dir='ltr'>sunt:</span> 
     </span>
     <span class='ocr_line' id='line_1_77' title="bbox 877 2234 1609 2276; baseline -0.001 -10"><span class='ocrx_word' id='word_1_501' title='bbox 877 2235 976 2269; x_wconf 74' lang='lat' dir='ltr'>Quam</span> <span class='ocrx_word' id='word_1_502' title='bbox 992 2236 1118 2265; x_wconf 79' lang='lat' dir='ltr'>fabulam</span> <span class='ocrx_word' id='word_1_503' title='bbox 1134 2235 1217 2265; x_wconf 76' lang='lat' dir='ltr'>Naso</span> <span class='ocrx_word' id='word_1_504' title='bbox 1239 2237 1299 2276; x_wconf 77' lang='lat' dir='ltr'>ipse</span> <span class='ocrx_word' id='word_1_505' title='bbox 1321 2235 1371 2265; x_wconf 87' lang='lat' dir='ltr'>lib.</span> <span class='ocrx_word' id='word_1_506' title='bbox 1385 2234 1440 2264; x_wconf 93' lang='lat' dir='ltr'>1V.</span> <span class='ocrx_word' id='word_1_507' title='bbox 1455 2235 1609 2274; x_wconf 64' lang='lat' dir='ltr'>enarrabit,</span> 
     </span>
     <span class='ocr_line' id='line_1_78' title="bbox 877 2276 1309 2317; baseline -0.002 -11"><span class='ocrx_word' id='word_1_508' title='bbox 877 2285 907 2307; x_wconf 90' lang='lat' dir='ltr'>et</span> <span class='ocrx_word' id='word_1_509' title='bbox 924 2276 1056 2317; x_wconf 75' lang='lat' dir='ltr'>Euripid.</span> <span class='ocrx_word' id='word_1_510' title='bbox 1075 2277 1103 2306; x_wconf 85' lang='lat' dir='ltr'>in</span> <span class='ocrx_word' id='word_1_511' title='bbox 1120 2276 1253 2307; x_wconf 75' lang='lat' dir='ltr'>Bacchis.</span> <span class='ocrx_word' id='word_1_512' title='bbox 1307 2276 1309 2278; x_wconf 66' lang='grc'>’</span> 
     </span>
    </p>

    <p class='ocr_par' dir='ltr' id='par_1_43' title="bbox 921 2317 1563 2357">
     <span class='ocr_line' id='line_1_79' title="bbox 921 2317 1563 2357; baseline 0 -10"><span class='ocrx_word' id='word_1_513' title='bbox 921 2325 988 2348; x_wconf 75' lang='lat'>109..</span> <span class='ocrx_word' id='word_1_514' title='bbox 1011 2318 1117 2357; x_wconf 58' lang='lat' dir='ltr'><em>Molae]</em></span> <span class='ocrx_word' id='word_1_515' title='bbox 1143 2319 1257 2354; x_wconf 78' lang='lat' dir='ltr'>Aratae,</span> <span class='ocrx_word' id='word_1_516' title='bbox 1277 2326 1390 2346; x_wconf 89' lang='lat' dir='ltr'>vomere</span> <span class='ocrx_word' id='word_1_517' title='bbox 1404 2317 1563 2357; x_wconf 82' lang='lat' dir='ltr'>proscissae.</span> 
     </span>
    </p>

    <p class='ocr_par' dir='ltr' id='par_1_44' title="bbox 877 2356 1605 2430">
     <span class='ocr_line' id='line_1_80' title="bbox 921 2356 1605 2400; baseline 0 -11"><span class='ocrx_word' id='word_1_518' title='bbox 921 2365 990 2389; x_wconf 75' lang='lat'>103.</span> <span class='ocrx_word' id='word_1_519' title='bbox 1013 2360 1129 2400; x_wconf 77' lang='lat' dir='ltr'>Populi]</span> <span class='ocrx_word' id='word_1_520' title='bbox 1154 2358 1186 2389; x_wconf 91' lang='lat' dir='ltr'>Id</span> <span class='ocrx_word' id='word_1_521' title='bbox 1209 2366 1264 2395; x_wconf 88' lang='lat' dir='ltr'>est,</span> <span class='ocrx_word' id='word_1_522' title='bbox 1287 2369 1322 2388; x_wconf 87' lang='lat' dir='ltr'>ex</span> <span class='ocrx_word' id='word_1_523' title='bbox 1340 2357 1447 2397; x_wconf 86' lang='lat' dir='ltr'>quibus</span> <span class='ocrx_word' id='word_1_524' title='bbox 1468 2356 1605 2389; x_wconf 87' lang='lat' dir='ltr'>homines</span> 
     </span>
     <span class='ocr_line' id='line_1_81' title="bbox 877 2409 1072 2430; baseline 0 0"><span class='ocrx_word' id='word_1_525' title='bbox 877 2409 1072 2430; x_wconf 83' lang='lat' dir='ltr'>nascerentur.</span> 
     </span>
    </p>

    <p class='ocr_par' dir='ltr' id='par_1_45' title="bbox 918 2439 1610 2481">
     <span class='ocr_line' id='line_1_82' title="bbox 918 2439 1610 2481; baseline 0 -10"><span class='ocrx_word' id='word_1_526' title='bbox 918 2441 962 2471; x_wconf 87' lang='lat' dir='ltr'>lb.</span> <span class='ocrx_word' id='word_1_527' title='bbox 979 2442 1167 2480; x_wconf 62' lang='lat' dir='ltr'>Incrementa]</span> <span class='ocrx_word' id='word_1_528' title='bbox 1186 2441 1280 2470; x_wconf 61' lang='lat' dir='ltr'>rium</span> <span class='ocrx_word' id='word_1_529' title='bbox 1295 2439 1453 2478; x_wconf 74' lang='grc' dir='ltr'><em>ὀδοντοφυῆ.</em></span> <span class='ocrx_word' id='word_1_530' title='bbox 1476 2439 1610 2481; x_wconf 81' lang='lat' dir='ltr'>Euripid-</span> 
     </span>
    </p>
   </div>
   <div class='ocr_carea' id='block_1_43' title="bbox 849 2480 1512 2513">
    <p class='ocr_par' dir='ltr' id='par_1_46' title="bbox 849 2480 1512 2513">
     <span class='ocr_line' id='line_1_83' title="bbox 849 2480 1512 2513; baseline -0.003 -1"><span class='ocrx_word' id='word_1_531' title='bbox 849 2482 856 2491; x_wconf 79' lang='grc'><em>“</em></span> <span class='ocrx_word' id='word_1_532' title='bbox 875 2484 905 2512; x_wconf 87' lang='lat' dir='ltr'>in</span> <span class='ocrx_word' id='word_1_533' title='bbox 919 2481 1087 2512; x_wconf 74' lang='lat' dir='ltr'>Phoenissis.</span> <span class='ocrx_word' id='word_1_534' title='bbox 1106 2482 1253 2511; x_wconf 64' lang='lat' dir='ltr'>sarciendo</span> <span class='ocrx_word' id='word_1_535' title='bbox 1262 2490 1379 2510; x_wconf 88' lang='lat' dir='ltr'>suorum</span> <span class='ocrx_word' id='word_1_536' title='bbox 1396 2480 1512 2513; x_wconf 86' lang='lat' dir='ltr'>damno.</span> 
     </span>
    </p>
   </div>
   <div class='ocr_carea' id='block_1_44' title="bbox 873 2522 1610 2722">
    <p class='ocr_par' dir='ltr' id='par_1_47' title="bbox 873 2522 1610 2722">
     <span class='ocr_line' id='line_1_84' title="bbox 920 2522 1609 2561; baseline 0.001 -8"><span class='ocrx_word' id='word_1_537' title='bbox 920 2530 988 2553; x_wconf 84' lang='lat'>105.</span> <span class='ocrx_word' id='word_1_538' title='bbox 1002 2523 1157 2561; x_wconf 75' lang='lat' dir='ltr'>Mortalia]</span> <span class='ocrx_word' id='word_1_539' title='bbox 1175 2522 1339 2553; x_wconf 72' lang='lat' dir='ltr'>Hpminum</span> <span class='ocrx_word' id='word_1_540' title='bbox 1348 2523 1470 2559; x_wconf 84' lang='lat' dir='ltr'>semina,</span> <span class='ocrx_word' id='word_1_541' title='bbox 1482 2534 1539 2552; x_wconf 89' lang='lat' dir='ltr'>non</span> <span class='ocrx_word' id='word_1_542' title='bbox 1550 2523 1609 2554; x_wconf 84' lang='lat' dir='ltr'>fru-</span> 
     </span>
     <span class='ocr_line' id='line_1_85' title="bbox 874 2563 1610 2602; baseline 0.003 -9"><span class='ocrx_word' id='word_1_543' title='bbox 874 2574 957 2602; x_wconf 75' lang='lat' dir='ltr'>gum.</span> <span class='ocrx_word' id='word_1_544' title='bbox 999 2563 1078 2593; x_wconf 87' lang='lat' dir='ltr'>Nam</span> <span class='ocrx_word' id='word_1_545' title='bbox 1096 2563 1228 2593; x_wconf 80' lang='lat' dir='ltr'>homiues</span> <span class='ocrx_word' id='word_1_546' title='bbox 1243 2564 1343 2593; x_wconf 85' lang='lat' dir='ltr'>armati</span> <span class='ocrx_word' id='word_1_547' title='bbox 1358 2573 1392 2592; x_wconf 77' lang='lat' dir='ltr'>ex</span> <span class='ocrx_word' id='word_1_548' title='bbox 1404 2563 1460 2593; x_wconf 86' lang='lat' dir='ltr'>illis</span> <span class='ocrx_word' id='word_1_549' title='bbox 1472 2564 1610 2595; x_wconf 85' lang='lat' dir='ltr'>dentibus</span> 
     </span>
     <span class='ocr_line' id='line_1_86' title="bbox 875 2603 1608 2646; baseline 0.001 -12"><span class='ocrx_word' id='word_1_550' title='bbox 875 2605 930 2634; x_wconf 86' lang='lat' dir='ltr'>orti</span> <span class='ocrx_word' id='word_1_551' title='bbox 952 2605 1110 2646; x_wconf 85' lang='lat' dir='ltr'>finguntur.</span> <span class='ocrx_word' id='word_1_552' title='bbox 1163 2603 1277 2635; x_wconf 78' lang='lat' dir='ltr'>Partem</span> <span class='ocrx_word' id='word_1_553' title='bbox 1301 2612 1396 2634; x_wconf 86' lang='lat' dir='ltr'>tamen</span> <span class='ocrx_word' id='word_1_554' title='bbox 1419 2605 1552 2636; x_wconf 75' lang='lat' dir='ltr'>dentium</span> <span class='ocrx_word' id='word_1_555' title='bbox 1572 2606 1608 2635; x_wconf 87' lang='lat' dir='ltr'>ad</span> 
     </span>
     <span class='ocr_line' id='line_1_87' title="bbox 873 2645 1606 2689; baseline 0 -13"><span class='ocrx_word' id='word_1_556' title='bbox 873 2645 980 2676; x_wconf 67' lang='lat' dir='ltr'>AEeten</span> <span class='ocrx_word' id='word_1_557' title='bbox 996 2647 1134 2676; x_wconf 83' lang='lat' dir='ltr'>miserunt</span> <span class='ocrx_word' id='word_1_558' title='bbox 1149 2645 1242 2676; x_wconf 67' lang='lat' dir='ltr'>Pallas</span> <span class='ocrx_word' id='word_1_559' title='bbox 1257 2653 1286 2676; x_wconf 88' lang='lat' dir='ltr'>et</span> <span class='ocrx_word' id='word_1_560' title='bbox 1299 2645 1391 2676; x_wconf 81' lang='lat' dir='ltr'>Mars.</span> <span class='ocrx_word' id='word_1_561' title='bbox 1422 2645 1498 2677; x_wconf 91' lang='lat' dir='ltr'>Vide</span> <span class='ocrx_word' id='word_1_562' title='bbox 1515 2647 1606 2689; x_wconf 80' lang='lat' dir='ltr'>Apol·</span> 
     </span>
     <span class='ocr_line' id='line_1_88' title="bbox 874 2686 1218 2722; baseline 0.003 -5"><span class='ocrx_word' id='word_1_563' title='bbox 874 2687 937 2718; x_wconf 80' lang='lat' dir='ltr'>lon.</span> <span class='ocrx_word' id='word_1_564' title='bbox 950 2688 999 2717; x_wconf 88' lang='lat' dir='ltr'>lib.</span> <span class='ocrx_word' id='word_1_565' title='bbox 1015 2686 1074 2717; x_wconf 91' lang='lat'><em>111.</em></span> <span class='ocrx_word' id='word_1_566' title='bbox 1087 2699 1111 2717; x_wconf 90' lang='lat' dir='ltr'>v.</span> <span class='ocrx_word' id='word_1_567' title='bbox 1129 2692 1218 2722; x_wconf 84' lang='lat'>1176.</span> 
     </span>
    </p>
   </div>
  </div>
 </body>
</html>
