1824 2991
150 168 232 206 228

639 162 685 206 P.
714 164 896 206 OVIDII
926 157 1169 206 NASONIS

151 253 249 281 statim
273 251 400 299 AEgides
427 251 542 282 carbasa
559 251 745 292 Protinus
761 244 941 306 AEgides,
962 255 1071 305 rapta
1091 252 1289 303 Minoide,
1306 252 1414 294 Dian

155 294 298 332 explicuit
328 303 425 323 versus
449 292 540 329 Dian,

155 333 279 364 abducta
296 333 442 371 Minoide,
456 343 542 374 atque

154 417 206 446 illo
237 417 346 447 littore.

156 458 295 488 auxilium
317 465 404 498 atque
418 459 545 499 amplex-

410 416 544 447 Bacchus
562 420 783 472 Amplexus
803 428 843 458 et
861 432 979 472 opem
994 418 1114 458 Liber
1133 419 1241 459 tulit.

563 307 659 347 Vela
674 308 800 348 dedit:
824 307 1095 361 comitemque
1109 322 1221 348 suam
1242 309 1411 349 crudelis
1428 309 1469 351 in
1486 310 1556 352 illo
1583 312 1661 361 175

155 375 234 405 ferus
244 376 376 406 destituit
391 377 496 406 sociam
513 377 542 405 in
564 363 715 403 LittOre
731 363 916 404 deseruit.

975 362 1172 411 Desertae,
1192 371 1232 402 et
1248 365 1376 405 multa
1395 366 1577 418 querenti

1302 419 1439 473 thue
1458 421 1626 475 perenni

157 510 192 529 us
225 500 293 529 tulit
322 500 479 536 demtum,
516 508 547 529 et
564 475 703 514 Sidere
720 476 824 515 clara
843 476 956 523 foret,
969 483 1171 528 sumptam
1192 475 1241 514 de
1262 475 1391 516 fronte
1411 483 1603 516 coronam

156 540 248 571 multa
259 541 387 578 dolenti;
410 550 498 580 atque
513 551 547 570 ut
564 529 738 570 Immisit
758 531 877 571 COElO.

157 592 235 612 esset
253 582 371 612 illustris
392 583 547 613 immortali

158 624 261 660 sidere,
287 624 386 654 intulit
410 623 484 654 coelo
499 635 547 654 co-

934 530 1094 570 Tenues
1109 531 1214 570 volat
1229 530 1298 570 illa
1311 545 1382 585 per
1399 546 1536 573 auras:
1572 533 1665 582 *179

567 586 761 640 Dumque
777 588 894 635 velat,
910 599 1084 639 gemmae
1103 586 1252 626 subitos
1266 595 1471 627 vertuntur
1483 587 1525 627 in
1539 587 1667 641 ignes,

159 675 261 695 ronam
283 665 446 706 decerptam
469 665 547 696 fron·
565 641 873 696 Consistuntque
889 643 992 691 loeo,
1009 642 1142 695 specie
1158 650 1403 693 remanente,
1423 657 1596 694 coronae,

160 713 202 736 te.
245 705 298 736 Illa
311 708 384 737 volut
396 717 447 748 per
457 707 548 737 subti-

163 747 223 778 lem
238 753 349 784 ae‘rem3
373 757 400 778 et
416 749 484 778 dum
500 759 548 778 vo·

159 788 212 825 lat,
225 791 348 819 uniones
364 791 547 820 mutanturin

566 697 650 742 Qui
666 697 820 738 medius
835 697 997 751 nixique
1007 711 1117 750 genu
1133 705 1204 748 est,
1218 712 1471 753 anguemque
1482 698 1669 740 tenentis.

623 753 699 793 ΙΙΙ.
735 753 926 794 Daedalus
939 754 1241 793 intercaCreten
1251 756 1497 809 longumque
1511 768 1670 809 perosus

157 831 254 860 stellas
262 832 552 872 repcminas,ctfigu-
568 809 766 858 Exilium,
783 817 991 861 tactusque
1010 809 1081 848 soli
1104 809 1244 848 natalis
1263 823 1412 859 amore,

162 872 193 901 rs
223 881 337 901 coronae
370 881 550 909 remanente,
571 865 742 907 Clausus
761 872 845 903 erat
861 865 1017 917 pelago.

160 920 238 942 stant
255 913 360 943 inloco
371 915 421 953 qui
439 913 551 944 medius

163 961 209 983 est
234 955 393 984 insistentis
407 964 498 995 genu,
521 962 552 984 et

163 996 311 1024 tractantis
325 1004 501 1036 serpentem.

739 918 806 959 das
864 933 868 936 ’

1073 863 1215 903 Terras
1233 863 1342 914 licet,
1368 865 1512 918 inquit,
1539 873 1580 906 et
1592 880 1671 906 un-

1591 925 1669 962 185

571 976 778 1026 obstruat,
801 981 843 1016 at
862 975 1014 1015 coelum
1032 975 1137 1015 certe
1157 982 1279 1028 patet.
1335 975 1488 1032 Ibimus
1508 975 1616 1018 illac.
1675 1001 1686 1011 x

207 1034 266 1066 111.
281 1035 396 1066 Interea
412 1036 552 1067 Daedalus
571 1032 722 1071 Omnia
736 1030 945 1085 possideat,
966 1044 1047 1070 non
1065 1031 1238 1084 possidet
1257 1037 1347 1071 aera
1361 1030 1513 1073 Minos.

165 1087 269 1107 exosus
276 1077 384 1108 Creten
392 1086 423 1108 et
432 1079 552 1119 longum

163 1119 299 1155 exilium,
310 1127 341 1149 et
352 1127 445 1149 tactus
457 1130 554 1149 amore

571 1087 699 1137 Dixit,
715 1094 756 1127 et
778 1086 932 1140 ignotas
948 1085 1132 1126 animum
1153 1086 1320 1127 dimittit
1339 1088 1382 1128 in
1400 1093 1515 1138 artes,

165 1168 250 1190 terrae
264 1161 399 1200 —patriae,
424 1168 553 1191 fetemus
571 1143 846 1196 Naturamque
861 1148 992 1182 novat.
1020 1141 1127 1182 Nam
1145 1142 1258 1196 ponit
1277 1143 1319 1182 in
1337 1143 1656 1197 ordine1pennas,

166 1203 320 1231 eratmari-
343 1201 554 1239 Quamvis‚ait‚
571 1199 610 1239 A
630 1198 803 1238 minima
819 1206 985 1251 coeptas,
1005 1198 1168 1250 longam
1185 1198 1363 1238 breviore
1377 1198 1575 1252 sequenti,
1594 1203 1675 1239 190

155 1242 280 1272 ,claudat
294 1242 396 1272 Minos
410 1252 511 1274 terram
526 1253 555 1273 et

167 1294 286 1323 aquam,
308 1289 355 1314 ae'r
371 1293 414 1314 est
429 1292 553 1326 apertus.

574 1253 632 1293 Ut
647 1254 750 1293 clivo
770 1254 935 1294 crevisse
953 1261 1079 1306 putes.

1140 1253 1209 1293 Sic
1225 1254 1370 1295 rustica
1384 1254 1587 1308 quondam

167 1324 363 1355 Discedemus
375 1327 451 1356 illim.
494 1325 556 1355 Mi-
573 1308 726 1351 Fistula
743 1309 963 1362 disparibus
976 1308 1170 1362 paulatim
1187 1309 1314 1362 surgit
1330 1310 1478 1352 avenis.
1521 1341 1528 1345 -

171 1377 223 1396 ¹³0⁵
239 1368 361 1406 imperet
389 1370 453 1397 litet
468 1378 556 1396 cunc·
573 1366 681 1406 Tum
703 1365 786 1405 lino
801 1364 963 1413 medias,
980 1372 1020 1403 et
1033 1364 1131 1404 ceris
1150 1365 1288 1418 alligat
1300 1365 1413 1415 imas,

169 1409 220 1444 tis,
241 1418 299 1437 non
312 1410 466 1448 imperium
481 1408 559 1438 obti-

168 1449 253 1479 nebit
268 1450 297 1478 in
312 1455 416 1479 aerem.
454 1449 553 1486 Dixin

170 1498 201 1520 et
213 1491 351 1520 convertit
364 1492 512 1532 ingenium
522 1491 558 1520 ad

575 1423 707 1475 Atque
727 1421 782 1460 ita
801 1419 1039 1474 compositas
1056 1434 1176 1473 parvo
1196 1421 1426 1462 curvamine
1445 1421 1586 1474 flectit,

954 1532 964 1542 Λ

172 1541 248 1561 artes
259 1533 412 1569 inauditas,
427 1542 456 1563 et
472 1535 629 1563 novitatem
645 1533 787 1572 excogitat
815 1533 846 1561 in
867 1538 984 1566 nati-itm
1001 1530 1080 1561 Nam
1096 1532 1251 1561 concinnat
1265 1541 1376 1572 pennas
1396 1539 1504 1573 coeptas
1515 1532 1533 1563 Ξι
1546 1533 1680 1570 minima,

179 1573 307 1603 breviore
322 1581 461 1613 sequente
476 1575 608 1614 longam3
632 1584 666 1604 ut
679 1574 777 1603 credas
793 1574 823 1603 in
837 1573 957 1602 modum
972 1573 1053 1602 collis
1063 1574 1210 1613 paulatim
1221 1580 1318 1603 auctas
1329 1584 1401 1604 esse.
1444 1573 1506 1604 Pari
1523 1575 1610 1606 modo
1631 1576 1682 1606 fis·

173 1615 236 1644 tula
251 1616 369 1654 agrestis
381 1617 488 1645 sensim
503 1615 559 1646 fuit
572 1616 641 1645 olim
656 1616 816 1656 composita
839 1614 1028 1654 inaequalibus
1041 1615 1238 1644 arundinibus.

1289 1614 1367 1644 Tum
1393 1617 1542 1647 connectit
1554 1617 1678 1649 mediam

169 1665 333 1697 pennarum
345 1663 455 1697 partem
472 1657 543 1696 lino,
557 1665 587 1688 et
599 1657 727 1688 infimam
737 1657 809 1687 ceris
816 1669 824 1693 3
848 1663 935 1698 atque
946 1656 986 1686 ita
997 1663 1175 1686 constructas
1190 1662 1286 1686 curvat
1297 1657 1402 1697 exiguo
1417 1657 1493 1688 flexu
1501 1670 1511 1695 ;

166 1707 178 1718 1

852 1777 993 1811 NOTAE.

222 1843 293 1871 174.
307 1838 438 1877 AEgides]
454 1839 583 1875 Theseus,
598 1837 684 1879 AEgei
697 1838 783 1875 filius,
799 1839 849 1878 qui
857 1839 907 1878 ju-

179 1888 264 1908 venes
279 1879 417 1915 liberandi
432 1881 517 1910 causa
532 1882 562 1909 in
575 1879 692 1910 Cretam
703 1891 770 1910 curn
785 1880 842 1909 illis
855 1891 907 1910 na-

178 1921 332 1960 vigaverat:

220 1959 425 2000 Ib.M2'no'i‹1e]
444 1962 585 1999 Ariadne,
600 1961 712 1992 Minois
721 1962 789 1992 filia.

223 2001 270 2031 lb.
283 2002 378 2041 Dian]
397 2002 497 2032 Insula
522 2012 565 2033 est
587 2014 645 2033 una
672 2015 708 2033 ex
726 2003 911 2043 Cycladibus,

155 2052 160 2056 ·
182 2053 250 2083 quae
266 2052 296 2072 et
312 2045 418 2073 Naxus
437 2045 552 2080 dicitur,
581 2045 680 2074 multis
702 2046 832 2084 itemque
849 2045 912 2075 aliis

182 2084 351 2114 nominibus
365 2086 520 2126 insignita3
536 2087 566 2115 in
579 2086 636 2125 qua
650 2082 788 2122 Ariadne,
802 2085 911 2116 Bacchi

179 2125 345 2196 ῖάωοῑιίῐιι,
369 2134 402 2156 ut
424 2127 571 2157 nonnullis
583 2127 687 2167 placet,
703 2128 720 2157 a
733 2126 851 2157 Theseo
867 2138 912 2157 re-

204 2174 261 2196 cta.
334 2188 345 2193 f

229 2212 299 2241 176.
314 2208 454 2248 Desertoe]
483 2208 520 2239 In
542 2210 630 2250 patris
656 2209 744 2239 domo
765 2210 782 2239 a
796 2209 913 2240 Baccho

182 2248 324 2285 vitiatam,
339 2261 399 2288 quo
408 2260 539 2291 tempore
549 2251 584 2280 ad
601 2249 705 2281 Minoa
716 2253 858 2291 pervenit,
865 2262 914 2281 co-

182 2299 263 2320 xonae
277 2292 371 2331 pretio
395 2292 534 2330 illectam,
560 2292 677 2332 quidam
702 2292 840 2333 prodidit,
863 2294 913 2333 qui

181 2332 352 2371 conscripsit
365 2331 490 2365 Cretica.

229 2378 299 2406 178.
310 2373 421 2411 Sidere]
439 2373 553 2404 Corona
567 2382 610 2404 est
622 2377 749 2415 signum,
763 2374 868 2406 Bootae
878 2375 914 2405 ab

183 2411 308 2443 humero
322 2415 438 2443 sinistro
449 2417 624 2454 proximum,
641 2426 742 2446 novem
758 2418 787 2446 in
815 2417 914 2446 orbem

186 2455 332 2495 dispositis
348 2455 439 2484 stellis
461 2456 600 2486 lucidum.
622 2456 708 2488 Illum
729 2459 797 2487 vcro
811 2459 916 2487 dicitur

186 2494 336 2526 Vulcanus
365 2507 400 2526 ex
414 2506 483 2526 auro
505 2505 535 2526 et
562 2499 686 2537 gemmis
705 2497 813 2528 Indicis
828 2499 916 2528 fabri-

186 2537 278 2573 casse,
298 2547 419 2577 quarum
435 2539 586 2579 splendore
601 2540 706 2569 dicitur
718 2538 849 2568 Theseus
875 2541 916 2569 la-

187 2577 318 2619 byrinthi
343 2579 475 2609 tenebras
489 2579 668 2610 discussisse.
708 2579 757 2610 De
778 2581 835 2620 qua
859 2582 916 2610 alia

187 2620 236 2651 alii
247 2621 432 2659 scripserunt.

230 2661 277 2691 lb.
289 2662 406 2701 Fronte]
420 2662 574 2692 Ariadnes.
612 2686 616 2689 s

234 2708 304 2731 182.
320 2703 393 2744 Qut]
411 2702 520 2740 Locus,
530 2706 558 2734 in
574 2714 632 2743 quo
646 2703 762 2737 Corona
778 2711 832 2743 est,
843 2705 918 2736 inter

190 2742 349 2775 Herculem
363 2752 392 2775 et
404 2744 605 2787 Ophiuchum.

990 1838 1037 1868 Ib.
1051 1838 1183 1878 Medius]
1212 1836 1294 1869 Inter
1315 1838 1487 1878 Engonasin
1510 1835 1551 1869 et'
1568 1838 1682 1881 Ophiu·-

949 1881 1142 1960 ChziffiNiaei]
1156 1920 1206 1951 De
1218 1920 1346 1951 Hercule
1359 1900 1556 1962 loquitur,qui
1567 1921 1684 1952 dextero

948 1973 1028 2004 genu
1041 1964 1124 1992 nixus
1139 1964 1169 1992 in
1181 1963 1256 1992 coelo
1271 1963 1421 2001 figuratur,
1439 1962 1521 2001 (ideo
1536 1965 1562 1993 ἐν
1581 1963 1680 2000 γόνασι

953 2003 1072 2044 dicitur)
1093 2004 1247 2033 draconem
1264 2002 1462 2044 Hesperidum
1474 1999 1623 2034 ‘custodein
1638 2005 1683 2035 in—

953 2045 1083 2075 terficere
1094 2051 1221 2074 tentans.
1242 2044 1312 2078 Qua
1326 2045 1362 2074 de
1377 2054 1407 2073 re
1418 2043 1481 2073 vide
1495 2043 1662 2085 Hyginum.

995 2085 1041 2115 Ib.
1056 2084 1256 2125 Anguemque]
1274 2084 1453 2125 Ophiuchus
1474 2085 1586 2116 Graecis
1611 2085 1687 2116 dici-

953 2134 1012 2163 tur,
1033 2127 1110 2156 sidus
1139 2127 1270 2163 coeleste,
1292 2137 1381 2166 quem
1406 2127 1540 2157 nonnulli
1554 2126 1688 2165 AEsculaf

956 2169 1053 2208 pium,
1066 2168 1156 2198 alium
1168 2168 1218 2198 alii
1233 2169 1265 2198 in
1291 2168 1398 2198 coelum
1413 2168 1584 2199 translatum
1604 2178 1687 2199 eom-

955 2210 1160 2239 miniscuntur.
1496 2212 1499 2214 '

1000 2257 1070 2281 184.
1092 2249 1241 2289 Exilium]
1268 2249 1395 2280 Athenis
1419 2251 1499 2280 enim
1518 2249 1687 2291 profugerat
1724 2290 1729 2291 ⁷

955 2293 1042 2322 caedis
1057 2303 1133 2329 reus,
1147 2291 1186 2321 ob
1201 2291 1385 2321 interfectum
1401 2301 1452 2331 per
1472 2291 1609 2320 invidiam
1629 2292 1688 2321 dis-

957 2333 1089 2373 cipulum
1101 2344 1189 2374 quem
1203 2332 1335 2363 nonnulli
1345 2333 1448 2362 sororis
1460 2331 1554 2362 finum
1567 2332 1688 2373 scripse·

957 2382 1034 2404 runt.

1003 2410 1075 2446 185ss
1088 2415 1206 2454 Pelago]
1232 2412 1312 2443 Nam
1338 2414 1368 2442 in
1393 2412 1482 2443 Creta
1505 2414 1600 2444 insula
1614 2422 1689 2452 erat,

957 2458 1071 2488 clausus
1087 2457 1204 2497 insuper
1223 2453 1378 2496 labyrinthi
1394 2456 1438 2483 sui
1452 2455 1595 2492 custodia,
1616 2466 1690 2496 quo,

957 2507 1076 2539 propter
1090 2505 1221 2527 navatam
1241 2494 1393 2535 Pasiphaae
1409 2497 1439 2525 in
1453 2497 1600 2527 amoribus
1617 2507 1688 2538 ope·

958 2551 1031 2575 mm,
1054 2539 1071 2568 a
1086 2538 1192 2568 Mino&
1206 2537 1337 2566 detrusus
1351 2544 1422 2566 erat.

1003 2586 1071 2611 189.
1085 2578 1197 2617 Novae]
1216 2576 1306 2613 Quia,
1321 2585 1354 2608 ut
1370 2579 1463 2618 inquit
1473 2576 1626 2617 Horatius,

1042 2621 1188 2660 Expertus
1199 2630 1325 2649 vacuum
1337 2620 1480 2649 Doedalus
1489 2620 1560 2650 ab'm

1044 2662 1149 2690 Pennis
1162 2671 1220 2690 non
1235 2661 1345 2690 homini
1359 2662 1444 2690 datis.

1002 2708 1071 2735 189.
1087 2702 1187 2741 Ponit]
1205 2701 1366 2735 Quomodo
1381 2701 1499 2732 alitibus
1516 2708 1617 2732 natur·
1635 2710 1688 2744 ap·

959 2745 1042 2783 tavit,
1056 2751 1089 2775 ut
1102 2748 1197 2777 aerem
1212 2743 1301 2775 valide
1315 2744 1428 2785 possint
1441 2743 1597 2785 impellere.
