1824 2991
508 155 904 198 METAMORPH.
935 154 1032 196 Lus.
1048 155 1160 196 XIV.

1505 157 1587 194 405

78 241 244 297 Statque
262 253 407 282 canum
428 242 578 285 rabies:
599 242 854 297 subjectaque
874 250 984 296 terga
999 244 1170 282 ferarum
1191 239 1288 289 quue
1300 247 1398 271 manet
1420 248 1524 270 canum
1542 250 1587 270 ra-

77 297 315 351 Inguinibus
334 298 486 338 truncis
505 307 698 354 uteroque
717 307 895 339 exstante
915 298 1128 338 cohaerent.

1190 282 1264 317 bies,
1298 291 1327 311 et
1359 292 1438 321 terga
1469 281 1587 311 subdita

1191 322 1314 352 ferarum
1341 324 1506 361 junguntur
1541 323 1588 352 in-

129 351 188 394 ss.
211 353 341 393 Flevit
359 368 498 394 amans
518 353 717 405 Glaucus3
747 355 960 408 niniiiimq3
980 352 1176 394 hostiliter
1190 364 1329 404 guinibus
1345 360 1482 393 mur-iaus
1496 371 1584 404 mque

306 423 387 449 USae

77 461 238 503 Viribus
258 464 468 504 herbarum
490 466 592 518 fugit
612 465 814 505 connubia
835 464 987 506 Circes.

1192 406 1283 435 ventri
1300 405 1484 444 prominenti.

1234 445 1412 476 ILGlaucus
1427 454 1524 474 amans
1536 445 1587 474 fle-

1190 489 1231 517 vit
1244 486 1480 534 Scyllaesatum,
1499 494 1604 525 atque·

78 517 212 572 Scylla
231 520 320 560 loco
339 520 482 560 mansit
500 536 510 570 ;
533 522 736 574 cuinq3est
752 521 844 560 (lata
858 520 974 574 copia
984 518 1174 574 primum,
1190 530 1286 559 vitavit
1300 528 1470 568 conjugium
1488 526 1587 556 Circes

76 573 125 614 In
146 574 280 614 Circes
297 575 433 615 odium
454 576 571 616 sociis
590 577 774 630 spoliarit
792 576 973 630 Ulyssen.

76 628 181 677 Mox
199 631 337 670 eadem
354 631 528 672 Teucras
542 633 668 672 suerat
688 646 863 672 mersura
883 631 1059 681 carinas3

1119 576 1170 624 71
1191 581 1252 600 usae
1267 571 1353 599 nimis
1365 569 1509 598 hostiliter
1523 569 1588 596 viri-

1190 611 1246 641 bus
1274 610 1437 640 liei-barum.
1492 607 1588 649 Scylla

1191 653 1222 682 in
1244 653 1347 682 eodem
1368 651 1484 690 gurgite
1506 660 1591 680 man-

75 683 132 723 Ni
146 684 252 737 prins
267 685 307 725 iu
320 688 544 739 scopulum,
555 688 623 741 qui
634 701 739 727 nunc.
751 701 1023 741 quoq;‚saxeus
1036 693 1176 735 exstat,
1191 695 1246 728 εὶις
1271 702 1301 722 ct
1315 694 1383 722 cnm
1399 693 1527 732 primum
1542 701 1593 720 oc-

74 738 371 780 Transformata
384 745 494 783 t'orct.
511 744 734 797 Scopulum
750 756 907 797 quoque
922 743 1055 783 navita
1066 742 1174 782 vitat.

104 807 105 811 ¹
131 795 208 836 111.
231 796 352 836 Hanc
367 798 437 837 ubi
455 798 641 851 Trojanae
667 799 786 846 remis
817 799 1054 852 avidamque
1071 797 1178 837 Cha·
1192 819 1293 847 odjum
1335 816 1444 846 Circes.

305 853 447 905 rybdin

81 905 251 946 Evicere
271 916 392 948 rates:
417 910 508 948 cum
520 907 606 962 jam
627 921 750 963 prope
769 908 881 948 littus
897 908 1078 948 adessent

80 962 319 1010 Ausonium,
340 963 513 1017 Libycas
530 973 648 1004 vento
669 967 892 1005 referuntur
911 963 960 1003 ad
976 977 1076 1004 oras.

80 1015 246 1070 Excipit
264 1018 437 1058 AEneam
461 1019 544 1058 illic
565 1020 794 1073 animoque,
815 1019 1029 1072 domoque,

82 1071 178 1112 Non
200 1074 302 1113 bene
318 1074 530 1114 discidium
553 1074 715 1128 Phrygii
732 1077 859 1115 latura
874 1074 1020 1122 mariti,

82 1127 262 1168 Sidonis:
288 1129 409 1182 inque
429 1132 525 1182 pyra
540 1131 639 1170 sacri
653 1132 725 1170 sub
743 1130 918 1183 imagine
934 1129 1039 1169 facta

79 1182 271 1224 Incubuit
290 1185 416 1224 ferro:
438 1185 683 1239 deceptaque
703 1185 854 1239 decipit
872 1198 1025 1225 omnes.

79 1237 230 1278 Rursus
249 1253 424 1279 arenosae
439 1241 594 1292 fugiens
610 1254 711 1280 nova
727 1240 878 1279 moenia
894 1246 1022 1288 terrae,

23 1319 32 1330 ι
79 1294 147 1334 Ad
164 1294 380 1348 sedemque
399 1295 553 1349 Erycis,
569 1295 775 1350 fidumque
792 1296 936 1335 relatus
951 1296 1124 1335 Acesten

1192 737 1273 769 casio*
1280 734 1376 764 oblata
1389 741 1444 769 est,
1470 733 1593 772 privavit

1194 776 1331 816 Ulyssem
1367 774 1523 804 comitibus
1560 774 1592 802 in

1507 813 1596 844 Brevi

1123 855 1176 902 75
1195 859 1295 888 eadem
1326 858 1418 887 suerat
1447 855 1594 896 perditura

1195 910 1282 929 naves
1291 898 1444 936 'l‘r‹>janas,
1457 898 1512 926 nisi
1528 898 1595 926 ante

1195 948 1307 970 mutata
1331 940 1434 968 fuisset
1469 940 1499 967 in
1525 948 1591 967 sco-

1196 982 1313 1021 pulum,
1336 981 1386 1019 qui
1414 989 1492 1009 nunc
1519 988 1594 1018 quo-

1196 1033 1254 1061 que
1261 1032 1361 1051 saxeus
1370 1022 1494 1050 eminet:
1507 1027 1595 1049 nauta

1197 1065 1284 1092 etiam
1298 1062 1402 1101 effugit
1416 1061 1580 1101 scopulum.

1239 1103 1297 1133 111.
1321 1102 1476 1142 Postquam
1506 1111 1593 1131 naves

1125 1132 1180 1169 80
1195 1143 1332 1184 Trojanae
1365 1145 1451 1173 remis
1484 1142 1596 1183 effuge-

1200 1194 1267 1216 runt
1288 1184 1375 1219 hanc,
1402 1192 1490 1223 atque
1511 1194 1595 1223 rapa-

1198 1237 1263 1256 cem
1299 1224 1481 1265 Charybdim
1525 1227 1593 1254 cum

1193 1268 1256 1306 jam
1271 1268 1356 1307 paene
1369 1265 1550 1307 appulissent
1558 1264 1595 1294 ad

1197 1309 1280 1338 littus
1293 1307 1412 1344 Italum,
1422 1306 1599 1336 revehuntur

1198 1358 1286 1379 vento
1300 1349 1336 1379 ad
1354 1349 1451 1378 littora
1474 1346 1595 1377 Africae.

82 1390 161 1420 Dido
171 1388 302 1427 Sidonia,
318 1401 378 1422 non
390 1402 475 1432 aequo
489 1393 588 1422 animo
603 1402 722 1432 passura
735 1392 889 1421 divortium
905 1391 957 1421 viri
967 1389 1098 1430 Trojani,
1110 1391 1170 1420 illic
1185 1391 1292 1431 accipit
1306 1397 1404 1420 mente
1419 1397 1450 1419 et
1463 1387 1593 1428 hospitio

79 1431 196 1462 AEnean
208 1443 214 1461 :
230 1442 318 1473 atque
333 1443 394 1462 sese
410 1434 511 1472 injecit
523 1435 553 1463 in
566 1444 665 1463 ensem
681 1444 768 1473 super
777 1443 846 1473 rogo
853 1440 964 1462 structo
976 1433 1030 1462 sub
1044 1433 1143 1473 specie
1152 1433 1238 1467 sacri;
1249 1439 1278 1461 et
1289 1432 1370 1461 elusa
1380 1440 1483 1460 omnes
1496 1430 1593 1459 elusit.

81 1470 193 1504 Rursus
207 1474 300 1505 vitans
314 1482 447 1505 recentes
462 1485 560 1506 muros
569 1483 653 1505 terrae
667 1484 807 1512 arenosae,
820 1482 852 1503 et
866 1481 998 1504 revectus
1015 1473 1051 1503 ad
1062 1473 1144 1504 sedes
1154 1472 1255 1514 Erycis
1266 1481 1297 1504 et
1310 1472 1427 1504 fidelem
1439 1471 1579 1509 Acesten,

766 1669 906 1701 NOTAE.

128 1751 164 1781 67
173 1745 316 1785 .Tr⁷mcis]
344 1745 422 1775 Quia
430 1745 460 1773 7'72
471 1744 680 1783 canesfioernnt
691 1748 815 1774 mulam.

128 1793 179 1822 71.
197 1787 306 1825 Circes]
341 1785 440 1820 Quam
464 1784 558 1825 Scylla
581 1785 693 1825 L'lyssis
718 1794 815 1814 amore

84 1830 175 1858 teneri
191 1828 351 1858 resciverat.
584 1841 590 1846 -

128 1868 203 1898 ibid.
223 1868 380 1908 spoliat-it]
415 1866 558 1897 Plurimos
577 1876 675 1896 eorum
698 1868 727 1896 in
740 1866 816 1896 freto

87 1909 190 1940 Siculo
203 1910 330 1939 amisisse
340 1908 476 1950 Ulyssem
492 1909 606 1949 scripsit
628 1907 774 1938 Homerus
785 1909 816 1937 in

86 1949 215 1991 Odyssea
227 1949 274 1980 M.
287 1957 360 1981 24⁵.
666 1961 669 1963 ·

128 1997 178 2026 72.
193 1991 328 2030 Teucras]
351 1990 467 2027 rEncae,
481 1990 531 2030 qui
550 2000 601 2031 per
611 1989 718 2020 fretum
733 1988 817 2020 Sicu-

81 2031 145 2064 lum
156 2034 211 2063 iter
225 2031 360 2062 habebat.

123 2079 176 2109 72.
196 2073 367 2115 Scopulum]
416 2071 488 2102 Inde
512 2078 579 2102 nata
606 2071 716 2108 fabula,
738 2071 816 2112 quod

85 2114 186 2157 procul
199 2114 362 2144 videntibus
383 2115 615 2154 promontorium
631 2121 767 2154 appareat
781 2123 818 2143 ex

124 2164 166 2186 rte
189 2154 282 2185 Italiae
305 2155 402 2195 specie
426 2155 570 2191 mulieris;
600 2155 636 2184 ad
664 2155 746 2193 cujus
774 2164 817 2184 ra-

104 2199 164 2228 ices
177 2207 264 2236 aqua,
277 2204 352 2226 aestu
366 2203 453 2236 atque
463 2204 615 2226 ventorum
629 2197 741 2236 impetu
755 2195 819 2225 alli-

85 2250 129 2276 sa,
140 2238 305 2268 latrantium
321 2247 426 2266 canum
449 2246 532 2266 voces
545 2237 662 2266 reddere
677 2237 817 2267 videatur.

130 2286 181 2314 75.
195 2278 336 2318 Avidam]
383 2277 465 2311 Quia
477 2278 494 2307 ὲ
504 2278 593 2307 latere
608 2277 717 2307 Sicilioe
739 2288 817 2307 mare

85 2321 263 2352 vorticosum
287 2329 332 2348 est
356 2330 391 2348 ex
416 2319 534 2359 repulsu
557 2326 644 2358 atque
667 2319 816 2349 collisione

87 2362 240 2398 fluctuum,
255 2362 307 2401 qui
332 2361 362 2391 in
383 2361 534 2400 oppositos
557 2359 691 2400 scopulos
720 2358 814 2390 Italiae

85 2413 137 2444 per
156 2403 214 2432 vim
234 2412 387 2432 ventorum
409 2403 569 2431 irruerunt:
598 2410 658 2440 quo
679 2400 814 2438 efficitur,

87 2452 120 2475 ut
149 2453 233 2473 naves
259 2443 320 2473 ime
347 2451 530 2472 transcuntes
552 2443 630 2473 trahi
651 2443 813 2479 videantur,

86 2495 153 2526 quae
167 2489 240 2515 aestu
253 2485 315 2514 abr-i
341 2485 446 2514 'antina

131 2525 309 2565 77.Lilvycas
333 2524 509 2564 Africanas:
525 2523 562 2554 In
572 2523 701 2554 Africam
712 2534 817 2564 nempe

90 2573 262 2607 tempestate
276 2565 388 2596 delatus
401 2566 436 2596 ad
451 2565 599 2596 Didonem
622 2565 731 2596 AEneas
775 2575 818 2594 er-

88 2608 181 2679 verjiEt,
207 2606 283 2647 quod
307 2606 371 2640 fuse
393 2615 562 2648 persecutus
577 2615 622 2637 est
637 2605 735 2644 Maro,
751 2576 819 2637 ἰὼ.

91 2655 119 2679 1.
173 2659 203 2679 n.

132 2695 183 2723 78.
198 2688 330 2730 Excipit]
364 2687 504 2719 Historiae
514 2689 601 2720 fidem
617 2699 677 2720 non
689 2688 821 2719 observat

88 2736 185 2804 Eme,
197 2730 340 2770 siquidem
359 2728 468 2760 AEuees
480 2740 571 2761 annos
593 2735 654 2761 286
669 2731 741 2761 vixit
753 2738 820 2760 aute

123 2772 250 2804 idonem.
273 2770 378 2804 AEneoe
399 2780 508 2803 errores
528 2771 665 2804 describit
678 2775 774 2814 poem,
787 2779 821 2806 ut

857 1742 1008 1772 commode
1018 1742 1053 1772 ad
1065 1740 1249 1772 Pithecusam
1275 1740 1402 1771 insulam
1425 1739 1592 1777 descendat,

857 1792 944 1824 atque
959 1783 1123 1824 Cercopum
1136 1782 1382 1822 metamorphosin
1397 1781 1550 1811 describat.

902 1832 915 1859 7
923 1832 950 1856 9.
964 1825 1029 1854 Non
1041 1824 1119 1863 hene]
1144 1825 1277 1863 Namque
1286 1823 1379 1853 AEneti
1388 1824 1525 1864 profecto,
1536 1832 1592 1853 sese

857 1866 922 1906 ipsa
932 1866 1022 1901 Dido,
1037 1866 1143 1894 amorie
1153 1864 1346 1906 i1⁷1palienlit2‚
1353 1863 1517 1903 jugulavit.

902 1913 951 1936 80.
966 1906 1095 1945 Sidonis]
1131 1906 1219 1942 Dido,
1230 1905 1336 1936 Sidone
1350 1905 1482 1934 oriunda.

901 1947 947 1977 lb.
958 1948 1055 1987 Sacri]
1081 1947 1171 1982 Quod
1183 1947 1314 1988 pluribus
1325 1946 1507 1987 persequitur
1522 1943 1593 1974 Ma·

859 1999 904 2026 ro,
918 1988 1076 2019 AEneids-i.

904 2036 954 2060 81.
967 2029 1106 2071 Decepta]
1146 2029 1193 2059 sz
1207 2029 1312 2066 AEned,
1328 2029 1378 2068 qui
1392 2037 1471 2069 spem
1475 2027 1590 2067 ficerat

847 2072 1009 2111 firmarum
1024 2072 1204 2112 nuptiarum.

901 2112 945 2142 lb.
956 2112 1085 2153 Decipit]
1105 2111 1273 2147 Neminem,
1286 2120 1410 2151 namque
1421 2120 1459 2139 ne
1473 2109 1591 2149 quidem

858 2154 976 2184 Annam
988 2164 1129 2190 sororem,
1143 2154 1213 2183 secit
1223 2163 1284 2183 suae
1299 2153 1378 2182 necis
1393 2152 1556 2181 consciam:

859 2237 927 2267 Non
938 2241 1034 2266 tamen
1042 2236 1132 2265 Anna
1140 2236 1220 2266 novis
1223 2239 1384 2275 proetexere
1382 2233 1497 2273 funera
1505 2233 1593 2263 sacris

859 2277 1039 2308 Germanam
1053 2278 1157 2307 credit:
1178 2286 1230 2305 uec
1242 2281 1335 2306 tantos
1349 2274 1565 2313 meniefitro‘res

860 2319 1003 2359 Concipit.
1337 2315 1523 2357 Virgil.AEn.
1538 2322 1569 2345 4.

898 2387 948 2410 82.
958 2379 1106 2418 Arenosoe]
1135 2379 1266 2419 Libycoe,
1279 2387 1314 2408 ut
1323 2377 1430 2418 Virgil.
1441 2379 1496 2415 ait;

897 2442 995 2472 Linus
1008 2451 1157 2472 arerwsum
1173 2440 1400 2481 Libyen——

903 2529 953 2554 8³.
966 2523 1081 2563 Sedem]
1121 2522 1264 2560 Siciliam,
1279 2523 1308 2552 in
1331 2522 1388 2562 qua
1404 2531 1487 2550 mons
1500 2519 1589 2589 EHx,

861 2565 897 2594 ab
922 2564 1015 2606 Eryce
1041 2565 1103 2594 filio
1131 2563 1254 2594 Veneris
1279 2564 1322 2594 ibi
1351 2563 1478 2592 condito.
1555 2561 1590 2591 isi

860 2605 900 2636 Et
950 2607 1046 2646 ologia
1059 2607 1097 2636 sit
1111 2603 1231 2635 Punica.
1540 2606 1551 2610 ”

901 2617 950 2678 ffi
959 2647 1091 2686 Acesten]
1116 2645 1178 2680 Qui
1191 2644 1335 2685 Trojano&
1341 2643 1479 2682 sanguine
1486 2647 1591 2681 trenes,

861 2698 913 2730 per
927 2688 1066 2730 Egestam
1081 2697 1213 2724 matrem,
1225 2695 1313 2725 atque
1327 2684 1457 2724 Segestoe
1472 2684 1590 2725 imperi-

861 2741 913 2760 um
927 2737 1030 2760 tenens
1044 2740 1133 2770 quam
1154 2729 1217 2770 ipse
1237 2726 1416 2762 condiderat,
1438 2725 1589 2768 benignis·

863 2773 935 2805 simk
947 2779 1033 2804 autea
1045 2770 1173 2813 hospitio
1185 2768 1310 2801 AEneam
1324 2774 1484 2808 exceperat.
