1824 2991
605 169 1004 215 METAMORPH.
1036 171 1130 213 Lm.
1153 169 1186 211 l.

131 263 352 308 Prodierat:
375 260 508 319 prodit
528 262 697 313 bellum,
715 261 825 316 ,quod
845 267 999 317 pugnat
1017 241 1202 316 utroque,

126 320 442 376 Sanguinefique
462 333 588 361 manu
618 317 856 374 crepitantia
875 317 1057 359 concutit
1077 330 1202 358 arma.

126 378 287 420 Vivitur
303 391 355 419 ex
373 383 502 433 rapto.

1616 175 1655 209 li

1266 257 1378 288 bellum
1393 258 1465 295 exit,
1486 257 1565 299 quod
1584 264 1666 289 utro-

1266 310 1325 349 que
1336 300 1370 330 ad
1381 309 1512 342 pugnam
1521 301 1624 351 utitur,
1637 308 1664 329 et

1267 349 1325 372 ciet
1337 352 1416 372 arma
1430 349 1590 383 strepentta
1602 353 1662 372 cru-

560 375 660 417 NOH
679 376 822 431 hospes
837 376 889 416 ab
908 375 1067 430 hOSPite
1086 380 1209 423 tutus,
1267 383 1337 415 ent&
1351 395 1451 414 manu.
1496 383 1596 415 paeda
1607 395 1669 415 ves-

129 436 226 477 Non
234 448 347 477 socer
362 436 385 475 ’ἶι
397 447 568 488 genero:
588 434 753 475 fratrum
766 445 926 487 quoque
939 431 1066 485 gratia
1082 444 1166 472 rara
1179 436 1251 470 est.
1268 435 1384 457 cuntur.
1422 425 1540 467 ‘¹0⁸1‘OE
1555 437 1614 458 ‘¹0¹¹
1624 434 1669 457 eu

128 491 327 534 Imminet
346 491 472 532 exitio
491 490 551 532 vir
570 489 770 547 conjugis,
791 490 860 530 illa
876 488 1030 530 mariti:

128 548 283 590 Lurida
300 547 498 589 terribiles
517 547 691 588 miscent
709 546 869 588 aconita
889 559 1092 587 novercae:

130 605 257 647 Filius
276 612 371 646 ante
390 605 499 646 diem
520 604 667 659 patrios
686 602 854 658 inquirit
875 603 916 643 in
934 616 1074 643 annos.

130 661 249 704 Victa
260 660 371 717 jacet
389 661 536 717 pietas;
557 669 598 702 et
617 660 730 714 virgo
747 659 857 701 caede
880 659 1086 700 madentes

133 718 290 761 Ultima
310 719 522 760 coelestum
542 725 665 758 terras
682 718 831 758 Astraea
852 716 1023 771 reliquit.

186 775 275 825 Vl„
291 774 407 816 Neve
426 775 662 816 foretaterris
682 773 859 815 securior
879 773 1024 814 arduus
1044 772 1170 812 aether
1179 787 1194 822 3

131 831 354 874 Affectasse
371 833 508 873 ferunt
527 845 698 886 regnum
715 831 881 872 coeleste
899 829 1113 884 Gigantas,

132 890 308 945 Altaque
328 895 537 944 congestos
557 887 744 929 struxisse
764 887 815 928 ad
835 886 963 928 sidera
982 894 1153 927 montes.

1202 505 1205 510 v
1241 491 1251 500 .
1269 476 1350 499 tutus
1376 468 1412 499 ab
1441 468 1574 509 hospite;
1607 478 1667 500 non

1174 492 1250 528 l'lb
1268 521 1349 541 socer
1358 511 1375 540 ὲ
1385 521 1512 551 gener03
1523 521 1604 541 amur
1615 512 1671 541 eti·

1268 563 1315 582 am
1347 553 1469 583 fratrum
1501 561 1546 583 est
1581 562 1671 584 rarus.

1269 594 1396 625 Maritus
1420 595 1553 635 invigilat
1574 597 1671 636 perni-

1269 639 1325 668 ciei
1349 638 1457 674 uxoris,
1479 637 1528 667 illa
1553 638 1668 668 mariti:

1269 690 1353 709 saevae
1383 690 1514 710 novcrcae
1547 680 1673 710 miscent

1177 718 1186 754 Ι
1198 717 1253 761 50
1270 731 1383 752 venena
1395 722 1578 763 nigricantia:
1594 721 1672 752 filius

1270 764 1433 794 sciscitatur
1461 771 1530 794 ante
1555 771 1674 805 tempus

1270 814 1388 836 :etatem
1418 807 1517 846 patris.
1575 804 1673 836 Pietas

1273 848 1407 887 neglecta
1430 848 1619 884 destituitur;
1646 854 1676 877 et

1271 893 1354 931 virgo
1393 890 1508 920 Astraea
1545 889 1675 920 deseruit

131 944 242 986 Tum
262 952 376 1000 pater
394 944 654 999 omnipotens
676 944 797 984 misso
816 943 1007 996 perfregit
1026 944 1253 996 Olympum
1272 942 1420 983 postrema
1430 931 1672 974 ²⁶¹¹³⁵⁵⁸¹¹g¹¹⁴¹⁰e

135 1001 339 1052 Fulmine,
359 1009 400 1042 et
419 1001 594 1041 excussit
609 1000 791 1056 subjecto
807 999 922 1041 Pelio
937 1000 1095 1040 Ossam.

135 1058 295 1098 Obruta
315 1058 424 1097 mole
440 1058 512 1096 suti
531 1057 625 1096 csun
649 1069 815 1110 corpora
835 1056 920 1106 dira
934 1055 1068 1110 jacere
1076 1065 1139 1104 nt;

135 1113 342 1156 Perfusam
363 1113 494 1153 multo
513 1120 700 1153 natorum
721 1111 918 1166 sanguine
937 1120 1082 1153 terram

1273 975 1404 1006 infectas.

1177 1003 1253 1041 155
1316 1015 1372 1046 Vl.
1395 1013 1435 1046 Et
1449 1026 1486 1045 ne
1500 1014 1594 1046 aether
1602 1015 1673 1046 sub—

1274 1059 1350 1089 limis
1366 1066 1443 1088 esset
1454 1058 1546 1088 tutior
1557 1058 1676 1095 tellure,

1273 1102 1357 1130 aiunt
1363 1099 1509 1141 Gigantas
1518 1099 1678 1141 appetiisse

1276 1142 1396 1172 coeleste
1431 1142 1602 1182 imperium,
1645 1149 1689 1180 et,

1277 1185 1403 1214 erexisse
1416 1183 1453 1213 ad
1466 1191 1545 1214 astra
1562 1191 1678 1215 montes

137 1227 168 1258 in
182 1226 336 1258 cumulum
351 1234 479 1258 coactos.
521 1226 601 1257 Tum
617 1234 699 1268 pater
713 1228 902 1267 omnipotens
918 1227 1050 1267 protrivit
1069 1227 1233 1268 Olympum
1250 1226 1375 1256 fulmine
1391 1226 1513 1263 intorto,
1527 1232 1559 1256 et
1572 1226 1680 1266 dejecit

136 1269 241 1300 Ossam
256 1267 340 1299 Pelio
355 1270 511 1300 substrato.
554 1268 633 1300 cum
649 1270 789 1300 lmtnania
813 1268 982 1312 Gigantum
1004 1279 1126 1311 corpora
1148 1270 1201 1299 sua
1221 1279 1313 1309 prope
1334 1268 1412 1299 mole
1430 1269 1506 1298 victa
1521 1267 1659 1299 caderent
1667 1282 1674 1306 ς

138 1311 241 1343 dicunt
256 1319 362 1343 terram
377 1311 539 1343 delibutam
555 1311 651 1343 multo
663 1322 764 1342 cruore
781 1311 906 1341 filiorum

1545 1467 1562 1476 .-

839 1498 978 1530 NOTAE.

185 1598 256 1623 142.
281 1592 421 1633 Utroque]
452 1592 558 1623 Acrius
580 1599 682 1622 tamen
706 1601 796 1626 auro;
820 1600 889 1620 nam

931 1588 1028 1626 Jovis‚
1051 1597 1083 1620 ut
1097 1589 1162 1620 aliis
1177 1589 1286 1630 placen
1309 1600 1378 1631 quae
1397 1597 1516 1633 propter
1531 1591 1678 1633 insignem

140 1643 176 1666 ut
191 1634 407 1676 elegantissime
421 1635 538 1676 scripsit
552 1631 658 1665 Horat.
680 1632 748 1664 Car.
763 1633 813 1663 lib.
829 1630 890 1663 111.
926 1632 1074 1672 justitiam
1090 1642 1145 1673 pro
1161 1633 1223 1672 ipsa
1238 1634 1374 1663 sumitur.

139 1675 207 1708 Ode
225 1681 274 1708 16.

185 1761 305 1792 Aurum
315 1770 369 1803 per
383 1761 489 1791 medios
503 1762 545 1791 ire
559 1760 708 1795 satellites,

184 1803 227 1833 Et
235 1813 422 1850 perrumpere
433 1808 515 1833 amat
531 1812 618 1838 saxa,
627 1802 777 1843 potentius

186 1844 419 1894 Ictufhlmffmo.

189 1933 259 1963 147.
283 1927 411 1968 Lurida]
437 1927 584 1958 Luridum
599 1926 709 1957 dicitur
723 1936 797 1962 csse,
813 1926 891 1966 quod

143 1979 180 2001 eo
193 1977 238 2000 est
252 1969 365 2006 colore,
385 1970 438 2010 qui
462 1970 493 1999 in
513 1969 684 2011 corporibus
705 1968 768 2000 loro
784 1969 892 1998 vexatis

142 2020 275 2054 apparet,
308 2018 396 2052 atque
429 2011 502 2042 adeo
530 2012 567 2042 ab
593 2011 703 2042 effectu
729 2011 890 2047 aconitum,

143 2052 235 2084 herba
249 2063 407 2091 venenosa,
429 2054 559 2084 luridum
577 2053 701 2090 dicitur;
727 2054 782 2083 nisi
798 2052 892 2095 magis

142 2096 179 2127 ad
193 2097 287 2138 ipsius
301 2095 412 2137 plantae
425 2095 494 2126 folia
507 2096 622 2126 sufflava
637 2104 721 2126 autor
737 2097 871 2136 respexit.

184 2137 233 2171 lb.
254 2138 408 2178 Novercae]
433 2136 512 2172 Quae
537 2139 710 2180 plerumque
733 2139 764 2168 in
779 2138 893 2187 rprivig-

145 2190 198 2211 nos
211 2181 351 2216 saeviunt,
373 2191 434 2210 non
450 2182 566 2211 tantum
582 2190 616 2211 ut
629 2182 688 2211 suis
704 2180 802 2210 libens
817 2179 893 2210 favo-

143 2230 208 2260 ant,
242 2223 293 2253 sed
322 2221 398 2252 forte
426 2232 530 2254 arcano
559 2222 687 2264 quodam
716 2223 748 2253 in
777 2222 893 2253 illorum

143 2272 250 2296 matres
265 2264 344 2295 odio.
620 2300 622 2303 v

191 2313 262 2338 148.
283 2307 362 2337 Ante
372 2306 461 2347 diem]
487 2305 650 2349 Sortilegos
661 2307 789 2338 consulit
804 2307 894 2345 filius,

145 2355 246 2380 utrum
271 2349 380 2380 multos
404 2359 497 2380 annos
524 2357 607 2392 pater
627 2351 666 2381 sit
691 2351 832 2388 victurus,
855 2360 892 2380 an

183 2401 265 2422 ucos.

145 2401 184 2433 pa
192 2439 205 2463 1
212 2440 263 2466 49.
288 2431 371 2464 Victa
374 2432 469 2474 jacet]
494 2431 592 2464 Pietas
601 2434 638 2465 ab
648 2435 800 2476 impietate
807 2446 895 2476 supe-

147 2482 208 2508 rata
211 2476 305 2516 jacet,
322 2477 341 2506 i.
352 2487 380 2506 e.
391 2477 595 2513 contemnitur,
609 2477 640 2507 in
650 2479 731 2508 nullo
743 2483 782 2508 est
790 2478 894 2519 pretio.

193 2524 265 2549 150.
291 2517 418 2558 Ultima]
444 2516 525 2552 Quia
550 2520 656 2559 spretis
683 2519 749 2556 diis,
775 2530 895 2550 necesse

148 2568 248 2590 tamen
271 2558 328 2590 fuit
349 2569 501 2601 utcunque
530 2560 623 2590 brutis
649 2560 821 2592 hominibus
842 2562 895 2592 ali-

149 2612 238 2642 quam
254 2602 331 2633 inter
350 2613 394 2640 sc,
416 2602 551 2634 utilitatis
570 2605 668 2641 causti,
687 2605 896 2645 servarejusti-

149 2645 231 2674 tiam.

194 2684 241 2717 lb.
253 2685 384 2728 Astraea]
410 2685 486 2718 Filia
500 2687 557 2719 fuit
571 2688 676 2720 Astraei
691 2689 834 2731 gigantis,
850 2689 894 2720 vcl

978 1680 990 1703 1
999 1680 1048 1705 51.
1063 1675 1144 1705 Neve
1143 1675 1241 1714 joret]
1265 1671 1417 1706 Transitio'
1430 1682 1475 1705 est
1483 1675 1519 1705 ad
1527 1675 1680 1717 gigantum

932 1715 1075 1752 fabulam,
1097 1727 1171 1756 quos
1187 1718 1340 1748 immensae
1355 1717 1440 1748 molis
1455 1725 1486 1747 et
1501 1717 1604 1748 similis
1621 1728 1684 1748 ma-

934 1759 970 1788 tri
987 1758 1060 1788 filios
1074 1757 1164 1788 Terra
1179 1759 1329 1800 produxit,
1343 1766 1375 1790 et
1389 1769 1514 1801 quorum
1530 1760 1680 1801 maguitu-

932 1800 993 1830 dini
1005 1811 1057 1840 par
1068 1802 1173 1830 exarsit
1183 1801 1313 1831 audacia.
1362 1832 1366 1835 J

978 1848 990 1871 1
1000 1849 1049 1872 ⁵2.
1066 1842 1227 1883 Gigantas]
1252 1842 1326 1873 Nati
1335 1841 1456 1874 fuerunt
1462 1844 1598 1885 gigantes
1604 1841 1680 1874 Ter-

933 1885 964 1914 ra
977 1892 1005 1914 et
1016 1884 1094 1915 Coeli
1103 1886 1247 1926 sanguine
1260 1885 1278 1915 ὲ
1288 1884 1416 1916 Saturno
1429 1886 1558 1922 castrati,
1569 1894 1603 1915 ut
1617 1886 1682 1927 plu-

933 1926 1014 1956 rimis
1039 1927 1132 1957 visum
1144 1939 1154 1967 3
1184 1937 1289 1958 omnes
1316 1935 1438 1961 statutae
1465 1928 1682 1966 excelsissime,

933 1969 1091 1999 draconum
1128 1969 1255 2011 pedibus
1283 1968 1438 2001 horribiles
1463 1971 1515 2011 qui
1545 1970 1681 2002 adversus

934 2009 1041 2042 Jovem
1057 2013 1145 2042 etiam
1161 2011 1273 2042 bellum
1290 2013 1353 2043 ausi
1374 2022 1500 2043 movere.
1542 2011 1682 2046 Quorum

934 2052 1064 2084 fabulam
1079 2054 1128 2085 alii
1144 2054 1181 2085 ad
1200 2065 1245 2085 res
1264 2054 1409 2086 naturales
1422 2055 1602 2096 spiritusque
1623 2061 1683 2085 ter-

933 2106 995 2126 ram
1021 2097 1235 2134 concutientes,
1265 2103 1318 2127 aut
1349 2107 1385 2127 ex
1407 2097 1487 2127 terra⁴
1499 2098 1542 2128 «in
1572 2096 1683 2128 coelum

935 2137 1139 2176 ascendentes,
1152 2138 1170 2170 ὃ,
1184 2139 1294 2180 quibus
1308 2138 1424 2181 fulgura
1437 2147 1468 2169 et
1481 2140 1624 2175 tonitrua,
1638 2149 1686 2170 re·

934 2179 1048 2216 fet-uun
1069 2181 1118 2212 alii
1132 2181 1170 2212 de
1184 2180 1359 2222 quibusdam
1383 2182 1482 2223 impiis
1500 2180 1685 2219 hominibus,
1728 2184 1738 2192 ’

935 2231 1105 2264 exponunt;
1128 2223 1179 2254 alii
1190 2223 1246 2255 alia
1259 2224 1439 2265 excogitant.
1480 2223 1510 2255 A
1523 2222 1686 2262 Nimrodo,

935 2276 988 2296 seu
1002 2264 1193 2297 Nembrotho
1209 2274 1329 2297 strenuo
1345 2273 1496 2305 venatore,
1513 2277 1567 2298 seu
1585 2267 1688 2309 potius

935 2307 1038 2339 rebelli
1054 2307 1165 2339 videtur
1179 2309 1317 2339 derivata.

960 2356 972 2380 1
981 2357 1030 2382 54.
1040 2351 1129 2383 Pater
1135 2350 1326 2394 omnipotens]
1336 2349 1358 2381 J
1360 2351 1523 2392 upiter,qui
1530 2350 1689 2382 audacissi-

937 2403 1052 2424 morum
1061 2402 1258 2425 monstrorum
1266 2393 1443 2424 frustraneos
1452 2401 1576 2424 conatus
1585 2393 1686 2424 elusit.

981 2434 1026 2466 Ib.
1042 2434 1133 2477 Olym
1157 2436 1220 2476 um]
1246 2435 1386 2466 Montem
1398 2436 1428 2466 in
1444 2435 1574 2466 confinio
1587 2434 1685 2466 Thes·

937 2478 1015 2508 salioe
1041 2485 1071 2508 et
1100 2478 1125 2509 lv
1139 2478 1299 2514 acedoniae,
1329 2488 1416 2519 quem
1439 2476 1523 2508 Pelio
1544 2486 1576 2508 et
1598 2476 1684 2508 Ossae

937 2528 971 2551 ut
988 2521 1028 2550 ita
1043 2521 1073 2550 in
1090 2521 1199 2552 coelum
1214 2520 1416 2558 ascenderent,
1438 2521 1573 2563 gigantes
1588 2521 1684 2562 impo-

936 2570 1067 2593 suerunt·

983 2611 995 2634 l
1004 2611 1052 2636 55.
1075 2604 1172 2644 Pelio]
1196 2603 1250 2635 Est
1259 2603 1362 2635 Pelion
1373 2614 1458 2635 mons
1465 2587 1683 2643 Thessalioe,sd

938 2645 1122 2688 Pelasgicum
1145 2648 1244 2678 sinum
1271 2657 1406 2688 vergenS‚
1435 2647 1514 2678 inter
1536 2657 1627 2690 quem
1651 2654 1683 2678 et

938 2689 1099 2731 Olympum
1110 2690 1215 2721 tertius
1224 2688 1299 2721 Ossa
1311 2689 1478 2731 porrigitur.
