1824 2991
143 131 198 170 44

141 214 222 244 atria.
258 212 359 244 Stellae
371 213 527 244 recedunt:
548 215 673 256 Atria·

141 265 263 295 quarum
280 253 398 285 Lucifer
417 264 485 285 ante
500 267 530 285 se

140 298 202 337 agit
211 297 363 333 exercitus,
371 303 401 326 et
411 297 531 327 ultimus

629 127 674 169 P.
705 126 887 169 OVIDII
918 124 1163 168 NASONIS

734 214 970 268 Diffugiunt
986 214 1137 254 stellae:
1169 224 1336 266 quarum
1356 210 1518 265 agmina
1537 208 1648 263 cogit

547 270 724 319 Lucifer,
744 278 784 310 et
805 270 899 310 coeli
919 269 1088 310 statione
1110 267 1342 321 nouissimus
1362 267 1456 308 exit.
1479 276 1485 280 '

1566 270 1644 308 115

141 338 208 367 coeli
217 339 372 368 stationem
381 338 530 378 relinquit.
548 328 603 367 At
622 336 746 380 pater,
768 334 813 365 ut
832 333 965 374 terras,
986 323 1262 378 mundumque
1279 324 1485 363 rubescere
1505 321 1618 372 vidit,

140 378 184 409 Αῑ
199 377 251 409 5⁰¹
272 387 365 419 patet,
391 388 420 409 ¹¹¹
440 381 531 409 cernit
549 381 786 435 Cornuaque
805 390 995 421 extremae
1013 381 1121 420 velut
1140 392 1371 420 evanescere
1394 378 1525 421 Lunae
1541 392 1555 428 3

141 426 229 450 ten-as
248 429 277 450 et
300 421 399 451 orbem
416 421 529 457 rubere,

142 467 173 490 et
184 463 378 494 extremitates
390 472 528 492 cornuum

547 437 574 478 J
578 450 726 490 ungere
747 450 867 491 equos
885 436 1008 477 Titan
1023 435 1224 477 velocibus
1244 435 1413 490 imperat
1434 433 1571 479 Horis·

142 500 306 532 Lunarium
319 505 400 543 quasa
415 514 530 532 evanes-
547 492 574 533 J
579 507 665 532 ussa
684 491 786 532 Deae
807 494 953 533 celeres
969 498 1191 546 peragunt:
1209 491 1427 545 ignemque
1443 494 1648 530 vomentes

141 553 222 577 “³¹⁰³
242 544 328 582 J‘ssbet
344 543 439 574 H0s³⁵
455 545 529 574 cele·
547 547 770 588 Ambrosiae
791 563 911 588 succo
930 556 1078 587 saturos
1099 547 1341 601 praesepibus
1360 546 1449 587 altis

548 603 834 658 Quadrupedes
850 605 1016 653 ducunt,
1034 603 1265 656 adduntque
1285 601 1465 642 sonantia
1481 602 1620 642 fraena.

141 595 188 615 tes
202 586 351 615 admovere
363 596 453 625 equos
465 596 530 616 cur-

141 628 196 657 rui.
211 625 284 656 Cium
299 626 373 656 Deae
382 638 530 666 exequun-

1566 547 1647 586 120

142 675 191 697 tur
209 667 352 704 mandata,
369 677 397 698 ει
420 669 530 698 aucun:
546 659 653 700 Tum
674 669 785 713 pater
803 674 869 699 ora
887 659 949 700 sui
969 673 1078 700 sacro
1100 658 1366 699 medicamine
1383 657 1465 698 nati

142 709 180 739 ab
195 709 313 739 ²⁸⁶⁰¹⁵³⁵
329 709 448 739 ⁵¹³b¹¹¹³⁵
460 721 530 757 ‘1¹3³‘
548 716 752 768 Contigit3
774 723 812 755 et
832 715 978 770 rapidae
998 715 1092 755 fecit
1111 714 1302 768 patientia
1317 714 1506 755 flammae.

142 749 286 791 drupedes
323 751 454 781 efflantes
488 762 530 791 tg-

142 802 223 828 nem,
246 792 346 832 plenos
363 803 449 822 succo
470 803 531 822 am-
548 771 821 825 Imposuitque
843 784 972 812 comae
992 771 1118 811 radios
1138 786 1147 810 :
1167 783 1421 824 praesagaque
1442 769 1573 809 luctus

142 833 266 869 brosiae;
283 842 313 863 et
327 843 426 882 aptant
441 833 531 881 fraena
549 827 715 867 Pectore
736 827 907 867 sollicito
927 835 1108 879 repetens
1123 825 1302 878 suspiria,
1323 824 1423 865 dixit
1440 840 1450 864 ε

358 874 427 904 rum
448 885 532 911 gem·
549 882 593 922 Si
614 891 724 936 potes
746 883 811 921 hic
831 884 972 922 saltem
995 880 1156 921 monitis
1175 893 1310 933 parere
1329 879 1516 934 paternis,

142 875 308 904 tinnientia.

142 922 191 946 tor
204 917 287 946 unxit
303 914 405 945 facicm
421 917 465 944 sui
480 916 531 944 filii

1569 826 1646 864 125

142 967 224 987 sacro
247 956 478 993 medicamen&
503 965 533 986 e,
551 937 686 986 Parce,
706 951 820 992 puer,
837 937 1031 986 stimulis;
1054 944 1093 975 et
1112 936 1249 976 sortitis
1268 943 1379 975 utere
1400 935 1508 976 loris.

142 998 266 1028 reddidit
278 999 387 1046 firmarn
399 999 532 1031 adversus
549 994 700 1046 Sponte
719 995 790 1033 sua
808 1000 1042 1047 properant:
1063 992 1174 1032 labor
1189 999 1248 1031 est
1264 991 1444 1032 inhibere
1460 990 1658 1032 volentes..

142 1040 289 1070 flammam
304 1039 451 1070 fervldam.
490 1038 531 1069 Et
549 1049 637 1089 Nec
655 1049 726 1089 tibi
748 1049 918 1088 directos
933 1049 1089 1102 placeat
1105 1047 1166 1087 via
1187 1046 1362 1101 quinque
1377 1060 1448 1100 per
1463 1059 1592 1086 arcus.

142 1080 252 1110 addidit
267 1082 371 1127 rradios
398 1081 508 1121 capillis
523 1093 529 1109 z

142 1130 230 1161 atque
273 1123 458 1161 ingeminans
496 1132 530 1151 ex

549 1105 691 1145 Sectus
711 1104 753 1144 in
774 1103 984 1158 obliquum
1002 1110 1060 1143 est
1076 1104 1155 1143 lato
1176 1102 1406 1142 curvamine
1422 1102 1551 1154 limes,
1570 1105 1648 1142 130

141 1172 261 1204 pectore
298 1164 383 1193 anxio
411 1164 532 1203 suspiria
548 1160 834 1214 Zonarumque
855 1160 977 1200 trium
998 1166 1208 1199 contentus
1227 1157 1320 1207 fine,
1340 1159 1558 1212 polumque

142 1205 310 1245 praenuncia
387 1205 530 1240 moeroris,

140 1246 229 1275 dixit:
248 1244 280 1274 Si
290 1246 353 1285 jam
361 1245 463 1275 saltem
478 1245 530 1275 ob·

547 1215 705 1269 Effugit
713 1214 1207 1269 australem,junctamque
1218 1213 1472 1267 aquilonibus
1482 1214 1651 1253 Arcton.

141 1287 225 1326 sequi
246 1287 287 1316 vis
309 1288 462 1327 praeceptis
481 1296 531 1327 pa-
549 1271 641 1311 Hac
661 1271 711 1311 sit
727 1271 826 1312 iter:
848 1272 1057 1312 manifesta
1076 1277 1174 1310 rotae
1194 1268 1359 1323 vestigia
1375 1282 1526 1316 cernes,

141 1328 244 1364 ternis,
271 1328 387 1364 omitte,
420 1328 531 1358 adoles-

142 1379 223 1405 cens,
246 1370 382 1410 instigare
396 1379 480 1408 equos
501 1379 594 1405 nzeos3
617 1375 647 1397 et
662 1367 774 1398 attrahe
796 1367 909 1398 fortiter
924 1366 1060 1397 habenas.
1103 1364 1190 1395 Ultro
1203 1365 1357 1402 festinant3
1381 1364 1498 1404 difficile
1514 1370 1558 1394 est
1573 1367 1654 1394 coer-

139 1421 206 1440 cere
222 1410 298 1440 ultro
313 1419 469 1440 currentes.
511 1409 618 1449 Neque
634 1418 732 1439 teneas
747 1411 802 1439 iter
816 1419 866 1449 per
881 1409 1010 1449 quinque
1025 1418 1111 1438 zonas
1126 1408 1257 1436 directas.
1300 1406 1389 1437 Callis
1400 1413 1443 1437 est
1458 1411 1606 1447 porrectus
1621 1406 1652 1434 in

142 1452 296 1492 obliquum
311 1460 392 1482 vasto
403 1452 562 1487 volumine,
577 1452 627 1491 qui
643 1459 797 1481 contentus
813 1451 905 1480 limite
921 1451 1009 1487 trium
1025 1449 1212 1485 circulorum,
1227 1448 1358 1479 deflectit
1372 1448 1468 1490 {polo
1481 1446 1608 1484 australi,
1622 1453 1652 1476 et

141 1494 208 1525 ursa
219 1493 376 1534 conjuncta
387 1492 501 1525 Boreae.
544 1492 631 1522 Hanc
646 1493 746 1523 insiste
761 1493 853 1522 viam:
869 1491 978 1521 videbis
990 1492 1074 1532 signa
1089 1497 1187 1531 aperta
1201 1497 1282 1519 rotae.

823 1649 962 1682 NOTAE.

186 1718 255 1743 114.
277 1710 466 1753 Diffugiunt]
488 1709 579 1748 Quia,
598 1709 636 1740 ob
652 1710 790 1748 majorem
806 1708 874 1738 solis

141 1754 250 1790 lucem,
266 1764 326 1784 non
339 1760 488 1800 apparent.

960 1705 1005 1736 Ib.
1036 1706 1173 1746 Quinque
1198 1716 1248 1748 per
1277 1704 1374 1746 arcus]
1406 1704 1654 1745 AEquinoctialem
1691 1716 1697 1719 ·

917 1748 988 1777 dicit
1014 1748 1169 1784 circulum,
1198 1748 1269 1788 duos
1296 1746 1453 1786 Tropicos,
1481 1745 1598 1783 Cancri,
1623 1753 1656 1776 et

188 1801 258 1826 115.
281 1794 413 1834 Luczscr]
440 1793 541 1822 Venus
561 1794 602 1822 ita
624 1792 711 1827 dicta,
735 1791 874 1831 quoniam
917 1789 1097 1830 Capricorni,
1113 1799 1180 1818 cum
1197 1789 1314 1818 Arctico
1328 1796 1358 1817 et
1372 1788 1551 1818 Antarctico.

142 1836 256 1867 assidua
269 1836 339 1865 solis
352 1835 458 1865 assecla
471 1835 566 1875 prima
579 1843 645 1874 post
660 1834 738 1862 illius
750 1832 877 1867 obitum,

143 1878 246 1908 ultima
259 1884 326 1907 ante
341 1885 436 1906 ortum
451 1883 590 1916 apparet3
609 1874 687 1904 unde
705 1878 793 1914 poe'ta
807 1873 878 1902 dicit

144 1929 209 1950 eam
224 1926 393 1948 caeterarum
408 1918 554 1948 stellarum
569 1926 673 1957 agmen
688 1914 833 1951 claudere,
848 1920 878 1943 et

145 1961 228 2003 quasi
242 1969 358 2000 cogere.

187 2000 234 2031 lb.
248 2001 393 2040 Statimze]
418 2000 582 2031 Translatio
597 2001 614 2029 a
626 1998 768 2029 militibus
782 1997 880 2026 statio-

142 2044 239 2074 uariis.
272 2041 417 2073 Videntur
440 2044 519 2073 enim
542 2041 633 2072 sidera
653 2048 742 2070 noctu
764 2039 882 2079 vigilare

143 2091 232 2126 atque
247 2084 383 2115 excubias
397 2095 492 2122 agere.

188 2131 258 2156 118.
282 2126 383 2165 Horis]
407 2125 497 2155 Horae
510 2124 605 2164 ‘upra
625 2123 660 2152 ad
680 2133 707 2151 v.
722 2125 772 2151 26.
794 2121 879 2150 dictae

145 2173 213 2198 sunt
240 2167 309 2196 solis
338 2168 490 2202 ministrae,
515 2167 624 2206 quippe
652 2174 718 2202 quae
745 2173 780 2192 ex
803 2162 880 2192 illius

143 2215 228 2239 motu
253 2209 393 2248 pendent,
421 2208 457 2238 ab
480 2207 530 2238 illo
548 2212 760 2241 mensurantur,
785 2210 815 2234 et
837 2204 882 2233 di-

143 2250 345 2290 stinguuntur.

187 2297 256 2322 120.
284 2290 458 2330 Ambrosie]
499 2289 553 2320 Est
578 2287 719 2318 ambrosia
745 2286 878 2317 Deorum

143 2331 241 2370 cibus,
254 2332 339 2362 sicuti
355 2339 453 2362 nectar
466 2341 565 2361 eorum
581 2338 686 2370 potus;
712 2337 879 2369 quanquam

144 2372 364 2407 confunduntur
379 2373 542 2414 aliquando.
589 2371 775 2401 Ambrosiam
791 2369 879 2399 etiam

144 2414 280 2446 describit
288 2413 402 2446 Plinius
409 2414 530 2444 herbam
542 2413 629 2443 odore
640 2418 699 2442 non
712 2411 880 2451 injucunde.

190 2463 261 2487 124.
276 2456 397 2496 Rodios]
416 2455 562 2486 Coronam
576 2454 670 2484 radios
683 2454 881 2489 emittentem,

145 2508 234 2538 quam
249 2497 291 2527 sol
306 2499 370 2538 ipse
384 2497 458 2527 solet
471 2504 595 2538 gestare,
617 2503 651 2525 ut
670 2494 765 2524 videre
788 2501 832 2523 est
846 2503 881 2523 ex

145 2550 172 2570 v.
185 2546 237 2571 40.
251 2539 349 2580 supra.
412 2540 414 2542 ’

190 2587 261 2614 129.
285 2582 346 2611 Nec
360 2578 425 2619 tibi]
449 2577 644 2609 Phaetontem
665 2577 760 2607 filium
781 2574 880 2605 horta·

145 2628 193 2652 tur
217 2620 280 2658 Sol,
296 2632 341 2652 ne
364 2628 411 2652 eat
431 2631 483 2662 per
503 2619 627 2650 circulos
649 2617 810 2659 parallelos,
831 2615 881 2645 sed

143 2672 196 2703 per
210 2663 372 2703 zodiacum,
392 2664 445 2704 qui
463 2668 640 2703 aequatorem
660 2659 778 2700 oblique
792 2659 880 2688 inter-

145 2711 231 2735 secat.

963 1836 1033 1860 130.
1057 1830 1167 1869 Limes]
1193 1829 1257 1863 Qui
1271 1838 1315 1859 est
1331 1830 1474 1859 zodiacus.

966 1877 1033 1902 131.
1050 1871 1213 1910 Zonarum]
1238 1870 1354 1900 Coelum
1370 1878 1400 1899 et
1411 1878 1515 1900 terram
1526 1870 1557 1899 in
1570 1870 1657 1910 quin-

920 1923 977 1952 que
990 1920 1083 1953 partes
1095 1913 1252 1943 diviserunt
1264 1911 1473 1947 mathematici,
1484 1921 1555 1950 quas
1566 1921 1655 1941 zonas

922 1964 974 1983 seu
989 1955 1106 1993 cing-ula
1119 1959 1302 1989 vocaverunt,
1319 1960 1409 1994 prout(
1425 1952 1536 1982 diverse
1556 1952 1656 1988 solari-

922 1995 978 2025 bus
992 1995 1076 2025 radiis
1089 1995 1292 2034 subjiciuntur.
1358 1995 1361 1997 ’

966 2035 1012 2067 lb.
1027 2036 1110 2075 Fine]
1136 2036 1222 2066 Duos
1235 2034 1376 2075 Tropicos
1391 2033 1495 2064 Cancri
1510 2039 1540 2063 et
1553 2032 1657 2074 Capri-

921 2079 1014 2113 corni,
1033 2079 1084 2118 qui
1105 2078 1176 2107 fines
1195 2085 1265 2106 sunt
1285 2077 1408 2106 duarum
1428 2085 1566 2106 zonarum
1581 2081 1657 2105 tem-

921 2127 1096 2160 peratarum,
1111 2129 1184 2159 quos
1198 2118 1241 2148 sol
1251 2128 1314 2151 >non
1331 2117 1547 2158 transgreditur.
1580 2114 1657 2146 Ter-

923 2163 974 2191 tiae
1001 2168 1098 2190 autem
1128 2171 1209 2190 zonae
1233 2159 1328 2196 limes,
1356 2169 1444 2199 quem
1468 2158 1539 2188 dicit
1562 2156 1655 2188 solem

922 2203 1078 2243 attingere,
1092 2209 1221 2243 aequator
1235 2209 1289 2231 est.

966 2250 1035 2274 132.
1056 2242 1237 2281 Australem]
1264 2241 1365 2276 Quem
1387 2239 1585 2270 communiter
1606 2247 1658 2268 vo-

922 2293 990 2315 cant
1003 2285 1216 2321 Antarcticum,
1231 2284 1260 2314 id
1278 2290 1335 2320 est,
1349 2281 1467 2312 Arctico
1481 2279 1658 2321 oppositum.

964 2326 1011 2357 Ib.
1025 2326 1148 2365 Arcton]
1176 2325 1232 2356 Per
1252 2325 1363 2355 Arcton
1380 2333 1431 2353 seu
1447 2322 1567 2357 Ursam,
1589 2330 1657 2360 quae

923 2369 1040 2409 signum
1065 2375 1110 2397 est
1131 2367 1249 2397 coeleste
1271 2367 1301 2396 in
1321 2364 1407 2406 plaga
1425 2361 1658 2405 septentrionali,

922 2410 965 2439 vel
992 2409 1115 2446 boreali,
1138 2408 1240 2450 polum
1264 2407 1417 2438 Arcticum
1438 2403 1584 2444 intellige,
1607 2410 1658 2433 aut

923 2457 1034 2492 partem
1046 2451 1113 2481 coeli
1126 2460 1193 2491 quae
1207 2449 1283 2479 ultra
1295 2447 1455 2488 Tropicum
1469 2444 1574 2475 Cancri
1590 2453 1656 2484 por-

923 2493 1034 2533 rigitur.
1074 2491 1131 2523 Est
1154 2497 1252 2521 autem
1275 2488 1350 2518 Ursa
1372 2487 1473 2517 eadem
1496 2496 1563 2526 quae
1587 2492 1656 2515 ante

922 2533 1044 2564 Callisto
1069 2533 1163 2563 fuerat
1186 2530 1329 2571 Lycaonis
1354 2529 1412 2559 filia
1436 2527 1454 2557 ὲ
1478 2525 1600 2557 Junone
1623 2527 1656 2556 in

925 2574 1034 2604 stum
1060 2580 1182 2609 mutata,
1211 2570 1316 2601 deinde
1340 2570 1360 2600 'a
1383 2568 1459 2600 Jove
1488 2569 1519 2598 in
1547 2567 1655 2598 coelum

924 2616 1072 2646 translata.
1115 2612 1310 2653 Aquilonibus
1328 2612 1461 2651 junctam
1476 2609 1546 2640 dicit
1558 2613 1654 2650 poeta,

921 2657 990 2696 quia
1005 2667 1041 2686 ex
1063 2655 1098 2685 ea
1117 2655 1183 2685 coeli
1203 2661 1294 2695 parte,
1316 2653 1373 2692 qua
1397 2654 1490 2694 posita
1508 2658 1553 2682 est
1567 2649 1653 2688 Ura,

923 2698 1034 2739 spirant
1048 2697 1127 2729 venti
1147 2694 1404 2737 septentrionales.
