1824 2991
606 158 1004 204 METAMORPH.
1022 159 1122 203 Lm.
1139 159 1257 203 XIV.

166 253 258 297 Nec
269 249 420 307 patitur
437 249 584 292 sentire
604 250 738 292 sitim:
760 249 995 305 bibulaeque
1010 263 1192 291 recurvas

167 308 331 352 Radicis
352 308 470 350 fibras
490 309 717 349 labentibus
738 307 877 361 irrigat
896 307 1028 348 undis.

1610 159 1696 208 427
1724 130 1731 134 ⁴

1293 245 1403 289 Neque
1418 248 1490 279 sinit
1504 246 1598 284 sitire,
1613 255 1645 279 et
1659 249 1699 279 ir·

1293 291 1368 330 rigat
1384 291 1469 320 fibras
1482 291 1613 321 sinuosas
1633 291 1699 321 siti-

1294 332 1402 361 culosoe
1450 333 1554 363 radicis
1611 333 1699 373 aquis

166 365 254 409 Hic
276 380 402 416 amor,
430 366 508 406 hoc
542 364 746 407 studium:
778 363 944 404 Veneris
973 376 1135 420 quoque
1166 362 1280 404 nulla
1295 373 1465 404 fluentibus.
1502 373 1562 404 Hic
1576 375 1623 405 2112·
1636 378 1700 405 erat

342 437 390 463 cu
396 422 505 476 pido.

1295 426 1386 452 amor,
1437 414 1495 446 boc
1543 415 1732 453 studium;›

1297 458 1413 489 nullum
1457 458 1545 488 etiam
1587 458 1704 488 deside-

166 464 265 522 Vim
280 487 417 523 tamen
433 480 633 534 agrestum
648 477 1029 531 metuens‚pomaria
1041 477 1278 520 claudit635
1297 501 1374 531 rium
1405 499 1512 530 habuit
1546 500 1702 531 connubii.

166 536 302 579 Intus:
323 544 364 576 et
379 549 562 576 accessus
581 535 768 590 prohibet
784 534 1014 589 refugitque
1035 535 1180 576 viriles.

166 593 278 638 Quid
300 607 381 633 non
401 597 441 632 et
455 592 586 647 Satyri
607 590 813 632 saltatibus
832 599 925 646 apta
934 590 1127 646 juventus

165 649 329 700 Fecere,
347 658 387 689 et
407 649 507 703 pinu
530 647 739 704 praecincti
756 662 908 689 cornua
930 648 1073 700 Panes,

164 704 434 759 Silvanusque
454 705 533 746 suis
552 719 711 760 semper
722 704 946 761 juvenilior
962 706 1092 756 annis,

122 812 130 816 a
165 761 335 820 Quique
345 762 458 804 Deus
472 763 579 803 fures
593 763 656 803 vel
671 763 775 802 falce
792 763 855 802 vel
870 761 1039 816 inguine
1053 768 1187 812 terret,
1197 764 1282 802 640

166 819 227 865 Ut
244 826 477 875 poterentur
496 820 568 860 ea?
589 819 660 860 sed
680 818 791 860 enim
811 820 1024 874 superabat
1038 819 1213 860 amando

1297 542 1503 574 Nihilominus
1565 542 1702 573 reformi-

1296 585 1369 616 dans
1384 584 1556 615 viole'ntiam
1577 586 1702 615 rustico-

1297 638 1364 658 rum
1379 627 1488 658 claudit
1503 628 1583 657 intus
1597 636 1701 667 poma-

1298 671 1353 706 ria,
1381 677 1412 700 et
1447 670 1572 711 impedit
1612 676 1705 709 atque

1297 713 1372 742 vitat
1418 721 1553 742 accessus
1596 711 1706 743 viriles.

1299 752 1383 788 Quid
1409 764 1468 784 non
1502 753 1640 784 'fecerunt
1666 759 1706 784 vet

1299 793 1407 837 Satyri,
1432 796 1574 835 juventus
1633 804 1704 826 rona

1299 838 1330 867 in
1355 838 1534 874 saltationes,
1558 844 1588 867 et
1634 846 1705 867 anes

167 875 259 919 Hos
278 890 440 932 quoque
456 876 729 917 Vertumnus:
760 889 892 930 neque
907 883 997 916 erat
1015 876 1173 918 felicior
1188 875 1280 917 illis.
1299 879 1445 910 habentes
1461 889 1572 910 cornua
1580 880 1708 910 circum·

165 932 208 974 Ο
225 933 381 989 quoties
401 933 542 974 habitu
562 932 651 974 duri
667 932 851 974 messoris
870 932 1007 974 aristas

168 989 300 1031 Corbe
321 988 413 1031 tulit
420 1004 433 1040 3
449 989 614 1045 verique
633 989 711 1030 fuit
727 989 912 1031 messoris
933 987 1088 1044 imago!

1298 922 1367 952 data
1392 923 1478 963 pinu,
1505 928 1537 952 et
1567 919 1707 952 Silvanus
1731 953 1734 956 ,

1299 974 1418 1005 semper
1435 963 1594 1004 juvenilior
1613 962 1704 1003 quam

1299 1014 1370 1035 aetas
1406 1007 1499 1048 ipsius
1532 1005 1641 1046 poscit,
1675 1011 1709 1036 et

166 1044 372 1102 Tempora
385 1060 491 1101 saepe
510 1060 654 1101 gerens
674 1047 792 1088 foeno
812 1045 979 1100 religata
999 1044 1168 1097 recenti,
1198 1048 1279 1086 645
1299 1046 1386 1078 Deus
1435 1048 1487 1088 qui
1537 1045 1706 1079 tremefacit

165 1100 392 1145 Desectam
407 1110 561 1158 poterat
579 1117 748 1157 gramen
762 1104 935 1143 versasse

167 1159 289 1214 Sae'pe
310 1173 436 1211 manu
456 1159 640 1201 stimulos
660 1159 790 1214 rigida
807 1159 1018 1214 portabat,
1040 1167 1085 1200 ut
1106 1158 1223 1202 illum

167 1216 195 1258 J
201 1230 331 1257 urares
352 1217 473 1257 fessos
489 1216 611 1257 modo
624 1215 861 1271 disjunxisse
868 1215 1084 1270 juvencos.

166 1271 291 1314 Falce
309 1272 402 1313 data
420 1272 628 1314 frondator
643 1280 741 1323 erat,
759 1270 931 1326 vitisque
946 1279 1121 1326 putator.

167 1328 361 1370 Induerat
377 1330 502 1369 scalas
515 1330 716 1370 lecturum
733 1342 856 1383 poma
872 1336 1047 1383 putares.

165 1384 293 1427 Miles
311 1395 395 1427 erat
413 1385 565 1440 gladio,
585 1385 759 1441 piscator
779 1385 976 1426 arundine
992 1385 1138 1426 sumta.
1199 1414 1206 1421 -

166 1439 360 1497 Denique
375 1456 448 1498 per
458 1444 606 1483 multas
621 1442 776 1483 aditum
797 1441 874 1482 sibi
894 1455 1002 1495 saepe
1022 1441 1168 1495 figuras

124 1507 130 1515 ’
168 1497 379 1554 Repperit,
401 1507 446 1539 ut
466 1506 627 1553 caperet
643 1505 833 1553 spectatae
853 1498 1000 1552 gaudia
1020 1499 1177 1541 formae.

169 1554 246 1596 Ille
266 1555 389 1596 etiam
406 1555 518 1610 picta
533 1555 741 1596 redimitus
757 1562 940 1609 tempora
960 1553 1094 1606 mitra,

168 1610 355 1653 Innitens
370 1613 529 1662 baculo,
545 1611 682 1666 positis
696 1612 748 1652 ad
763 1620 946 1666 tempora
959 1611 1084 1662 canis,

169 1667 419 1709 Assimilavit
439 1682 585 1709 anum:
608 1669 818 1723 cultosque
834 1667 998 1709 intravit
1018 1668 1060 1708 in
1078 1667 1228 1720 hortos,

169 1724 380 1782 Pomaque
400 1724 544 1766 mirata
563 1734 644 1767 est:
665 1725 879 1780 Tantoque
899 1726 1114 1779 potentior,
1131 1725 1280 1781 inquit:

168 1781 383 1837 Paucaque
404 1783 576 1823 laudatae
593 1781 705 1822 dedit
725 1784 875 1833 oscula,
896 1782 1029 1836 qualia
1045 1797 1256 1838 nunquam

1299 1089 1378 1120 fures
1403 1091 1448 1121 vel
1472 1089 1547 1120 falce
1574 1090 1620 1120 vel
1648 1099 1706 1130 pu-

1299 1132 1418 1170 dendis,
1442 1140 1477 1162 ut
1504 1142 1570 1162 eam
1601 1141 1706 1163 couse-

1299 1174 1482 1215 qucrentur?
1510 1173 1624 1204 Verum
1650 1183 1705 1204 en·

1297 1217 1411 1247 imverb
1432 1215 1614 1248 Vertumnus
1629 1220 1709 1257 pre}

1299 1258 1427 1289 cellebat
1459 1259 1549 1289 etiam
1586 1258 1646 1289 illis
1673 1268 1707 1289 a·

1299 1301 1426 1336 mando3
1444 1310 1541 1342 neque
1556 1307 1619 1330 erat
1633 1300 1706 1331 bea·

1300 1343 1359 1373 tior
1391 1342 1461 1374 illis.
1522 1341 1553 1373 0
1587 1344 1707 1383 quotie·

1298 1385 1426 1427 portavit
1463 1385 1565 1415 aristas
1604 1385 1707 1422 corbe,

1281 1445 1285 1448 ·
1299 1427 1397 1468 specie
1408 1426 1504 1468 asperi
1515 1427 1663 1463 messoris,
1674 1433 1708 1458 et

1267 1468 1269 1471 ⁴
1300 1468 1357 1499 fuit
1367 1470 1466 1510 imago
1478 1469 1539 1499 veri
1550 1468 1706 1499 messoris}

1300 1509 1389 1552 Saepe
1425 1510 1538 1541 habens
1574 1518 1710 1552 tempora

1300 1554 1399 1583 vincta
1428 1562 1506 1583 novo
1531 1551 1626 1590 foeno,
1653 1563 1710 1594 po·

955 1102 1094 1144 videri.

1197 1332 1284 1372 650

1199 1615 1282 1654 655

1301 1637 1351 1667 bat
1362 1636 1467 1668 herbas
1477 1637 1593 1667 recisas.
1615 1635 1707 1678 Saepe

1302 1679 1415 1711 ferebat
1456 1679 1574 1710 aculeos
1612 1688 1705 1711 manu

1303 1722 1387 1758 dura,
1405 1729 1440 1751 ut
1462 1730 1603 1751 assereres
1619 1721 1705 1754 illum

1303 1764 1391 1794 modo
1397 1764 1473 1804 jugo
1483 1764 1592 1793 levasse
1605 1770 1705 1794 tauros

1303 1804 1402 1835 lassos.
1436 1804 1523 1836 Falce
1534 1805 1634 1836 oblata
1644 1812 1708 1836 erat

1302 1847 1453 1878 frondium
1502 1853 1634 1888 putator,
1676 1854 1709 1879 et

169 1885 236 1916 vitis
254 1894 433 1926 amputator.
475 1884 628 1916 Sumserat
649 1887 753 1924 scalas,
776 1886 906 1917 crederes
929 1886 1120 1919 collecturum
1145 1899 1243 1930 poma.
1286 1888 1359 1920 Erat
1383 1890 1470 1920 miles
1492 1899 1563 1920 ense
1582 1890 1707 1927 cinctus,
1747 1926 1750 1928 v

168 1929 295 1969 piscator
309 1930 390 1969 virga
406 1930 503 1968 capra„
545 1928 686 1969 Denique
701 1929 805 1959 crebro
819 1930 874 1959 sibi
891 1931 1001 1970 paravit
1022 1940 1170 1961 accessum
1187 1943 1238 1973 per
1253 1932 1360 1962 multas
1375 1931 1495 1968 formas,
1506 1939 1540 1962 ut
1558 1931 1705 1963 frueretur

169 1971 319 2009 voluptate
342 1971 410 2000 visae
430 1970 670 2011 pulchritudinis.
714 1970 769 2001 Ille
796 1973 885 2002 etiam
908 1971 1020 2002 habens
1042 1980 1175 2014 tempora
1198 1974 1328 2005 involuta
1350 1975 1438 2005 mitrii
1460 1974 1552 2015 picta,
1577 1974 1707 2005 innitens

168 2014 313 2053 scipione,
328 2013 441 2053 capillis
455 2013 528 2043 albis
543 2014 634 2044 affixis
646 2014 827 2054 temporibus
843 2015 974 2044 imitatus
989 2022 1033 2045 est
1047 2015 1187 2052 vetulam,
1210 2026 1298 2057 atque
1314 2016 1407 2046 subiit
1428 2017 1524 2046 cultos
1539 2015 1652 2053 hortm,
1674 2022 1706 2047 et

170 2055 273 2085 mirata
293 2065 336 2085 est
351 2065 457 2095 poma:
480 2054 534 2094 Et,
552 2057 662 2098 inquit,
677 2055 800 2097 Ovirgo
815 2057 899 2087 tamo
913 2058 1078 2098 potentior:
1101 2065 1191 2101 atque
1210 2058 1320 2090 obtulit
1341 2068 1434 2102 pauca
1448 2058 1547 2090 suavi·
1569 2058 1706 2096 laudatar,

170 2097 270 2138 qualia
284 2107 438 2140 nunquam

865 2230 1007 2263 NOTAE.
1051 2254 1056 2261 .

212 2309 286 2335 633.
311 2303 425 2345 Filras]
462 2303 625 2336 Tenuiores
639 2312 670 2336 et
683 2305 848 2338 subtiliores
863 2317 914 2339 ra·
935 2319 939 2322 ·

167 2347 253 2383 dices,
265 2358 333 2389 quae
348 2356 433 2377 terrae
446 2346 602 2378 humorem
616 2356 776 2389 exsugant-

212 2389 418 2431 637.Salyri]
443 2387 492 2419 De
515 2387 636 2430 Satyris,
662 2389 802 2428 silvanis,
824 2398 913 2432 atque

170 2432 255 2461 omni
267 2440 391 2462 cornuto
403 2439 435 2461 et
444 2432 589 2472 capripedi
599 2432 780 2464 salacissimo
793 2443 913 2474 genere,

127 2488 131 2491 ·
167 2472 229 2512 jam
244 2474 350 2514 saepius
362 2474 475 2504 mentio
487 2482 533 2503 est
549 2472 634 2504 facta.

215 2517 287 2547 639.
309 2514 492 2555 Juvenicior]
522 2513 602 2549 Quia
618 2522 649 2545 ut
665 2525 769 2553 senex,
793 2517 881 2547 sicuti
896 2516 914 2547 a

172 2553 301 2587 Marone
316 2556 433 2594 dicitur,
456 2567 516 2587 non
540 2557 606 2588 ideo
629 2566 728 2588 tamen
744 2559 842 2590 minus
855 2558 914 2589 fes·

172 2598 261 2634 tirus,
276 2606 328 2634 aut
337 2599 427 2629 amori
440 2598 567 2630 deditus.

215 2643 288 2670 640.
297 2640 390 2680 Deus]
404 2639 543 2682 Priapum
551 2641 625 2672 dicit
635 2640 789 2673 hortorum
799 2640 916 2681 Deum,

172 2679 284 2711 Bacchi
301 2689 334 2711 et
342 2680 466 2713 Veneris
486 2682 594 2722 filium,
621 2684 766 2725 pudendis
790 2685 851 2715 suis
875 2686 917 2715 ita

172 2732 303 2763 turpem,
326 2730 360 2753 ut
385 2722 464 2772 fures
490 2725 591 2763 etism,
614 2727 640 2757 si
666 2725 783 2757 Nasoni
805 2726 915 2766 credas,

172 2773 319 2807 proterere
335 2771 474 2806 potuerit.

214 2811 288 2838 642.
306 2806 494 2847 Vertumnus]
527 2806 598 2840 Fuit
607 2819 686 2840 unus
700 2819 737 2841 ex
749 2808 820 2842 Diis
836 2808 917 2842 Lati-

173 2849 232 2887 nis,
253 2850 303 2884 cui
321 2850 339 2882 a
359 2849 510 2890 vertendo,
534 2851 615 2892 quod
635 2852 668 2884 in
690 2849 916 2886 &mammaea

956 2317 1020 2338 sese
1035 2315 1174 2346 verteret,
1187 2308 1260 2340 illud
1271 2310 1576 2352 nomenimpositum.
1598 2309 1705 2342 Romu

955 2350 1094 2380 sacellum
1116 2350 1230 2382 habuit.
1289 2351 1376 2383 Festa
1405 2354 1470 2391 ejus
1501 2352 1706 2384 Vertumnalia

955 2391 1041 2428 dicta,
1058 2403 1125 2433 quoe
1137 2403 1240 2423 mense
1251 2393 1379 2426 Octobri
1386 2394 1620 2425 celebrabantur.

1001 2438 1072 2468 647.
1084 2434 1169 2477 Soepe
1183 2436 1288 2476 manu]
1314 2436 1414 2478 Soepe,
1426 2437 1537 2477 inquit,
1549 2438 1580 2466 in
1592 2435 1700 2467 bubul-

955 2485 1025 2524 cum
1040 2475 1224 2508 Vertumnus
1248 2479 1427 2516 mutabatur,
1450 2486 1485 2509 ut
1500 2476 1634 2510 Pomona
1650 2487 1704 2519 po·

956 2526 1003 2548 uri
1018 2526 1127 2559 posset.

999 2564 1071 2591 650.
1086 2560 1203 2602 Scalas]
1229 2560 1351 2596 Quibus
1361 2569 1487 2595 utuntur
1501 2562 1551 2602 qui
1563 2570 1653 2603 poma
1663 2571 1702 2596 ex

958 2601 1124 2640 arboribus,
1138 2604 1190 2634 diu
1204 2606 1354 2642 servanda,
1365 2605 1519 2645 colligunt.

1002 2650 1073 2677 653.
1085 2645 1362 2687 Spectatoefinmoe]
1387 2646 1437 2676 ΑΙ.
1452 2649 1587 2686 speratae.
1609 2644 1700 2688 Apud

957 2684 1133 2718 Terentium
1149 2695 1248 2718 tumen
1252 2688 1428 2728 formarum
1441 2688 1593 2729 spectator.

1001 2733 1074 2765 6⁵7.
1090 2730 1251 2770 Tantaque]
1266 2730 1383 2762 Quanto
1397 2730 1532 2759 cultiores
1543 2729 1640 2760 hortos
1650 2729 1707 2760 ha-

959 2771 1013 2801 bet.
1057 2770 1169 2803 Verum
1185 2783 1219 2803 ea
1230 2773 1338 2814 ellipsis
1359 2770 1465 2801 vetulae
1490 2771 1605 2813 optime
1624 2772 1704 2813 sapit

957 2811 1134 2861 familiarem
1155 2815 1338 2858 eandemque
1362 2812 1496 2848 callim
1524 2813 1631 2858 agendi
1659 2823 1706 2846 η-

958 2861 1082 2889 uonem·
1612 2887 1615 2890 .

1301 1602 1378 1625 terat
1392 1595 1481 1625 videti
1496 1596 1534 1631 is,
1544 1595 1596 1635 qui
1612 1603 1708 1626 mete·
1757 1610 1762 1616 ·
