1824 2991
615 155 1014 199 METAMORPH.
1043 157 1138 197 Lm.
1170 157 1225 197 11.

163 247 325 290 Viderat
342 247 538 300 Aglauros
553 245 666 287 flavae
684 253 836 287 secreta
856 245 1079 287 Minervae:

1623 161 1677 197 69

1287 244 1430 284 Aglauros
1442 251 1589 286 aspexerat
1599 255 1675 285 mys-

1285 286 1356 314 teria
1363 286 1522 316 flavicomae
1532 284 1669 321 Palladis;

161 303 317 357 Proque
338 302 560 343 ministerio
581 301 716 356 magni
737 302 812 342 sibi
828 301 1012 356 ponderis
1026 314 1167 341 aurum
1183 302 1266 350 750
1285 334 1314 355 et
1332 328 1406 367 pem
1424 328 1479 357 sib-¹
1503 338 1555 367 pro
1575 327 1672 357 officio

122 350 130 360 ’
159 357 350 398 Postulat.

157 915 285 957 Tecta
299 917 411 971 petit.

408 358 565 399 Interea
585 358 699 398 tectis
719 358 911 398 excedere
932 357 1051 410 cogit.

159 413 291 454 Vertit
303 414 351 454 ad
366 414 470 454 lianc
490 414 589 454 torvi
605 413 693 455 Dea
710 414 856 454 bellica
872 413 1036 453 luminis
1053 413 1206 462 orbem,

158 468 217 510 Et
237 477 349 510 tanto
367 470 526 524 penims
546 467 665 510 traxit
684 469 851 523 suspiria
872 479 997 518 motu,

161 524 220 565 Ut
236 526 382 579 pariter
400 534 553 580 pectus,
573 525 823 579 positamque
844 525 885 565 in
908 531 1065 579 pectore
1087 523 1175 564 forti

160 580 308 634 AEgida
329 590 574 622 concuteret.
604 581 737 631 Subit,
759 582 862 621 hauc
884 596 1028 621 arcana
1044 581 1209 634 profana

158 636 368 677 Detcxisse
389 652 510 678 manu
521 646 622 688 tum,
638 639 730 677 cum
745 637 836 677 sine
847 648 972 677 matre
988 643 1162 677 creatam
1179 639 1262 685 756

160 692 413 734 Lemnicolae
432 694 594 747 stirpem
618 701 754 733 contra
772 694 862 733 data
883 693 1036 733 soedera
1055 692 1153 732 vidit
1165 707 1177 742 ;
1205 727 1210 731 .

161 748 215 788 Et
234 758 468 804 gratamque
490 750 581 790 Deo
601 750 683 789 fore
696 750 799 804 jam,
819 758 1055 803 gratamque
1072 747 1208 798 sorori,

159 804 215 845 Et
235 805 359 846 ditem
380 815 527 856 sumto,
548 805 654 860 quod
674 820 790 846 avara
809 804 1048 860 poposcerit,
1068 818 1178 845 auro.

160 859 346 901 Protinus
367 861 535 902 lnvidiae
554 861 669 914 nigro
685 861 925 915 squallentia
944 861 1037 901 tabo

468 917 630 957 Domus
650 925 710 956 est
725 917 817 958 imis
834 917 876 957 in
896 917 1064 956 vallibus
1083 917 1189 956 antri

161 972 323 1022 Abdita,
343 973 425 1012 sole
441 986 591 1022 carens,
613 972 694 1013 non
716 972 789 1013 ulli
807 972 941 1026 pervia
961 980 1093 1021 vento,

158 1027 312 1078 Tristis,
332 1037 372 1068 et
391 1028 525 1081 ignavi
545 1029 777 1082 plenissima
797 1028 978 1081 frigoris3
1009 1036 1048 1067 et
1068 1043 1159 1081 quae

158 1082 259 1136 Igne
280 1091 392 1123 vacet
411 1097 580 1137 semper,
602 1084 775 1137 caligine
795 1097 953 1136 semper
968 1084 1159 1127 abundet.

156 1138 256 1178 Huc
277 1139 344 1179 ubi
366 1139 547 1193 pervenit
565 1139 663 1179 belli
684 1137 902 1179 metuenda
922 1138 1081 1191 virag03
1141 1136 1143 1139 ’

1284 366 1340 397 hoc
1363 379 1464 398 aurum
1481 370 1674 409 magni-pon-

1283 410 1376 439 deris:
1400 411 1510 439 iutci·ca
1529 412 1608 445 cogit
1623 421 1673 440 ex-

1284 451 1323 480 irc
1335 451 1432 480 domo.
1465 450 1531 480 Dea
1544 450 1612 481 belli
1626 453 1669 481 in-

1283 492 1372 522 sensis
1386 493 1476 522 oculis
1490 491 1671 523 lianc-intuc-

1284 543 1342 571 tur,
1358 542 1387 563 et
1402 545 1438 563 ex
1452 534 1511 563 alto
1525 535 1605 564 duxit
1618 546 1670 575 ge—

1283 577 1372 605 mitus
1386 585 1468 605 tanto
1491 577 1616 616 impetu,
1640 584 1671 606 ut

1282 617 1453 657 percelleret
1475 618 1581 657 pariter
1603 627 1673 658 pec-

1282 666 1329 688 tus
1356 669 1384 688 et
1414 659 1532 689 loricam
1553 667 1672 690 strenuo

1304 701 1393 730 ectori
1459 699 1670 730 adhaerentcm.

1307 741 1427 772 leminit
1441 741 1517 772 hanc
1533 751 1596 772 turn
1610 743 1670 772 vio-

1282 783 1355 813 lasse
1384 794 1472 813 manu
1502 784 1594 824 impia
1623 794 1671 813 sc-

1281 833 1373 862 creta,
1396 826 1464 855 curn
1489 826 1602 865 aspexit
1625 836 1672 855 so·

1181 862 1264 909 760
1281 866 1377 898 bolem
1407 866 1599 903 Lemnicolae,
1623 877 1673 896 na·

1281 916 1341 938 tam
1363 909 1427 938 sine
1446 919 1475 939 m
1495 917 1549 946 tre,
1571 917 1672 938 contra

1281 950 1368 980 fidem
1391 951 1504 986 datam,
1535 951 1671 980 meminit

1281 993 1369 1021 etiam
1398 991 1459 1021 sore
1477 992 1540 1030 jam
1565 1002 1673 1033 accep-

1281 1041 1341 1062 tam
1363 1032 1443 1069 Deo,
1468 1041 1496 1062 ct
1521 1041 1670 1073 acceptam

1281 1076 1383 1110 sorori,
1396 1083 1425 1104 et
1437 1075 1606 1115 opulentam
1621 1086 1672 1105 au—

1180 1142 1263 1188 705
1281 1116 1673 1197 {attrectaret

157 1193 347 1235 Constitit
357 1203 449 1235 ante
463 1194 629 1236 domum
643 1195 790 1249 (neque
802 1194 911 1235 enim
924 1194 1137 1235 succedere
1148 1195 1263 1235 tectis
1279 1200 1402 1228 'domum
1430 1197 1552 1228 Invidiae
1582 1199 1672 1229 madi-

156 1248 236 1292 Fas
256 1250 395 1301 habet)
416 1260 455 1290 et
475 1259 606 1305 postes
623 1253 803 1291 extrema
824 1250 988 1305 cuspide
1006 1252 1152 1305 pulsat.

751 1307 872 1347 Videt
890 1307 997 1346 intus
1018 1307 1206 1348 edentem

156 1360 344 1416 Vipereas
364 1377 514 1413 carnes,
534 1363 723 1404 vitiorum
741 1363 934 1403 alimenta
949 1360 1132 1413 suorum,

155 1417 355 1460 Invidiam
373 1435 383 1461 ε
411 1419 574 1474 ,visitque
594 1421 732 1460 oculos
745 1419 900 1460 avertit.

114 1520 123 1525 ,
156 1473 292 1528 Surgit
313 1475 440 1516 humo
455 1476 582 1530 pigra,
602 1489 928 1530 semesarumque
949 1475 1140 1530 relinquit

157 1304 372 1348 Concussae
389 1309 553 1361 patuere
574 1308 690 1348 fores.

1281 1239 1417 1270 damatra
1427 1241 1515 1270 sanie.
1552 1238 1671 1270 Domus

1283 1282 1353 1311 latet
1377 1282 1407 1311 in
1428 1282 1535 1312 ultimo
1554 1292 1670 1312 secessu

1283 1323 1443 1364 speluncae,
1472 1324 1533 1353 sole
1559 1334 1673 1360 carenS,

1285 1365 1366 1395 nulla
1378 1366 1447 1395 aura
1456 1365 1621 1402 recreanda,
1629 1366 1672 1395 lu-

1182 1422 1265 1460 »ιι-Ο
1283 1407 1395 1447 gubriS,
1425 1414 1455 1436 et
1485 1407 1673 1441 refertissima

1182 1436 1199 1469 l
1212 1444 1224 1470 Ι
1283 1449 1358 1489 pigri
1387 1448 1515 1489 frigoris,
1547 1456 1577 1478 et
1607 1460 1674 1489 quoe

1283 1500 1398 1531 sempcr
1417 1491 1556 1520 destituta
1573 1491 1610 1520 sit
1631 1491 1675 1532 ig-

1284 1542 1334 1568 ne,
1357 1542 1474 1572 semper
1492 1534 1530 1562 sit
1546 1532 1675 1562 tenebris

958 1421 1022 1463 At.
1034 1419 1103 1459 illa

156 1571 260 1602 obsita.
303 1571 462 1614 Postquam
480 1574 552 1604 illuc
572 1575 693 1604 accessit
712 1572 863 1603 tremenda
878 1573 975 1613 virago
998 1572 1078 1609 belli,
1096 1573 1226 1605 substitit
1244 1581 1311 1604 ante
1327 1573 1447 1603 domum
1466 1574 1575 1614 (neque
1595 1575 1676 1604 cuim

153 1614 223 1644 licet
238 1615 285 1644 illi
300 1615 399 1645 subire
412 1618 491 1655 eam)
509 1616 539 1646 et
556 1617 687 1646 concutit
702 1624 804 1657 postes
821 1616 948 1645 extrema
955 1619 1043 1655 parte
1057 1615 1194 1656 cuspidis.
1236 1614 1334 1645 Janua
1350 1625 1485 1656 percussa
1495 1623 1595 1656 aperta
1609 1624 1653 1645 est
1668 1629 1674 1644 :

154 1656 259 1696 aspicit
274 1657 353 1686 intus
370 1656 512 1688 Invidiam
529 1657 715 1688 devorantem
731 1667 831 1687 carnes
847 1657 986 1697 vipereas,
1009 1667 1104 1686 escam
1121 1668 1182 1687 suae
1197 1656 1331 1695 feritatis,
1349 1664 1379 1687 et
1399 1656 1527 1688 dimovet
1546 1657 1645 1688 oculos
1661 1658 1678 1689 a

155 1697 222 1730 visa.
265 1698 309 1730 At
323 1698 372 1728 issa
385 1699 497 1730 tollitur
513 1698 606 1730 humo
618 1707 765 1740 torpente,
776 1706 806 1728 et
814 1699 956 1741 relinquit
967 1708 1146 1729 semesorum

843 1809 982 1841 NOTAE.

198 1870 269 1899 749.
299 1863 428 1905 Secreta]
465 1866 686 1896 Erichthonium
709 1877 827 1911 nempe,
853 1868 889 1898 de

152 1916 211 1946 quo
224 1914 319 1936 antea.

197 1953 268 1981 750.
291 1948 472 1988 Minister-io]
498 1948 531 1979 Si
546 1949 595 1979 illa
610 1947 763 1980 Mercurio
778 1951 808 1980 in
825 1951 887 1990 ejus

154 1989 300 2019 amoribus
315 1988 432 2019 faveret.

196 2036 269 2064 752.
291 2031 389 2070 Tomi]
415 2030 732 2065 Quodiraeindicium.

199 2076 271 2105 755.
281 2072 402 2112 AEgida]
428 2072 498 2104 Fuit
513 2075 598 2113 AEgis
614 2075 711 2112 lorica,
726 2086 777 2106 seu
792 2077 891 2116 potius

151 2120 268 2143 scutum
283 2121 332 2144 aut
343 2114 461 2155 clypeus
477 2114 560 2146 Jovis
574 2124 604 2146 et
613 2115 769 2154 Minervae,
785 2118 890 2148 deinde

151 2153 299 2192 Deorum,
312 2162 400 2195 atque
416 2157 503 2187 etiam
523 2167 734 2198 nonnunquam
754 2158 889 2197 heroum,

153 2196 317 2235 eujusmodi
332 2207 367 2226 αι
381 2208 475 2239 caprae
490 2199 656 2229 Amaltheae
671 2200 748 2241 pelle
765 2202 820 2231 sibi
832 2201 889 2232 Ju-

154 2239 243 2278 piter,
265 2250 300 2268 ex
314 2238 376 2268 aliis
389 2240 474 2269 coriis
489 2251 541 2270 seu
562 2241 687 2281 pellibus
709 2243 758 2273 alii
772 2243 827 2273 sibi
840 2254 890 2284 pa-

153 2290 298 2317 raverunt,
313 2280 419 2320 quibus
430 2281 535 2312 deinde
549 2293 589 2312 oes
604 2283 744 2315 additum.
766 2285 836 2315 Aca
859 2287 889 2316 ra

151 2321 224 2352 illud
234 2332 343 2352 nomen
355 2331 452 2354 ortum
464 2335 531 2364 quae
543 2323 655 2354 Graecis
664 2326 719 2366 άΐξ
730 2325 816 2356 dicta.
838 2296 889 2358 Be

155 2362 302 2394 Minervae
317 2363 437 2406 AEgide,
456 2377 544 2406 quam
565 2364 690 2397 Vulcani
700 2369 787 2408 jussu
801 2367 889 2399 sabri-

153 2405 257 2435 eabant
273 2404 426 2447 Cyclopes,
441 2408 480 2437 ita
495 2407 652 2448 Virgilius:

192 2447 354 2488 AEgidaque
365 2449 531 2489 horrificam
545 2451 670 2481 turbatae
687 2451 822 2482 Palladis
840 2463 890 2483 ar-

319 2500 382 2527 ma,

198 2529 338 2562 Certatim
351 2534 481 2572 squamis
501 2538 675 2575 serpentum,
691 2544 818 2575 auroque
838 2545 891 2577 po-

321 2575 412 2604 liban!
419 2587 432 2612 ‚·

199 2611 401 2687 Cwulezvlils‘que
423 2626 544 2656 angues,
567 2617 719 2658 ipsamque
733 2619 762 2648 in
775 2624 888 2661 pectore

352 2667 397 2687 va.-

201 2695 351 2737 qugona,
375 2699 481 2731 desecto
496 2706 651 2733 vertentem
666 2703 780 2734 lumina
790 2704 873 2735 collo.

975 1868 1021 1898 lb.
1047 1869 1230 1909 Concuteret]
1255 1868 1324 1903 Qua
1342 1869 1453 1900 bellum
1476 1870 1617 1907 indicere,
1644 1878 1674 1901 et

931 1918 1070 1941 terrorem
1087 1913 1216 1941 incutere
1229 1911 1410 1943 credebatur.

974 1958 989 1987 7
997 1960 1046 1989 57.
1058 1953 1244 1992 Lemnicoloe]
1256 1953 1483 1983 Erichthonium
1494 1953 1587 1984 filiurn
1596 1952 1624 1983 V
1627 1954 1672 1983 ul-

930 1996 1008 2030 cani,
1020 1996 1083 2034 qui,
1101 1995 1139 2025 ob
1147 1994 1374 2031 deformitatem,
1384 1995 1400 2023 e
1411 1994 1486 2024 coelo
1502 1996 1532 2024 in
1540 1996 1670 2026 Lemnon

932 2035 1142 2076 AEgoeibmaris
1164 2036 1288 2071 insulam
1311 2035 1577 2077 Septentrionalem
1597 2048 1672 2078 prae·

933 2079 1082 2119 cipitatus,
1099 2078 1139 2109 ibi
1155 2079 1244 2108 etiam
1260 2077 1405 2108 ferrariam
1423 2080 1563 2108 exercuit.

976 2119 1021 2150 Ib.
1038 2120 1161 2160 Contra]
1178 2118 1370 2150 prohibuerat
1386 2121 1465 2150 enim
1478 2119 1625 2158 Minerva,
1635 2132 1672 2151 ne

932 2162 1078 2199 cistulam,
1098 2162 1157 2203 qua
1177 2160 1410 2194 Erichthonium
1423 2160 1560 2193 Vulcano
1575 2171 1670 2194 satum

931 2203 1099 2240 incluserat,
1113 2203 1251 2245 Cecropis
1267 2204 1335 2233 filiae
1346 2204 1501 2245 aperirent.

975 2251 1048 2281 758.
1062 2246 1190 2276 Graiam
1193 2245 1264 2285 forre
1281 2244 1356 2285 Deo]
1371 2246 1530 2284 Mercurio,
1544 2246 1628 2286 cujus
1640 2257 1670 2276 a—

914 2302 919 2307 ·
932 2288 1064 2318 moribus
1079 2288 1127 2317 illa
1141 2287 1266 2317 faveret:
1281 2298 1369 2327 quam
1382 2295 1493 2325 tamen,
1505 2296 1606 2330 utpote
1617 2289 1671 2319 im-

932 2331 1024 2370 piam,
1036 2329 1152 2359 felicem
1166 2340 1229 2359 esse
1242 2339 1302 2359 nou
1313 2330 1478 2371 oportebat.
1494 2360 1497 2361 ⁷

976 2377 990 2406 7
997 2375 1047 2401 60.
1055 2371 1192 2410 Iuvidiae]
1198 2370 1351 2401 Furiarum
1361 2371 1456 2409 finite,
1465 2371 1564 2412 potius
1580 2370 1667 2412 quinm

930 2411 1020 2449 Deae,
1031 2413 1114 2452 cujus
1122 2414 1211 2454 oper-21
1222 2421 1321 2443 tamen
1334 2412 1427 2443 Pallas
1440 2415 1541 2444 utitur.

974 2459 1046 2489 765.
1065 2455 1141 2485 Belli
1157 2454 1270 2494 virago]
1290 2455 1394 2486 Pallas
1408 2454 1474 2485 Dea
1486 2454 1569 2484 belli.

976 2501 1046 2530 766.
1063 2497 1162 2536 Neque
1175 2497 1265 2535 enim]
1285 2495 1369 2527 Nulli
1388 2496 1509 2526 Invidiae
1532 2493 1668 2535 pestifero

933 2537 1042 2569 afflatui
1058 2539 1185 2569 obnoxia
1200 2549 1263 2568 esse
1279 2547 1387 2579 potest,
1404 2537 1487 2569 Jovis
1499 2548 1535 2567 ex
1548 2535 1669 2566 cerebro

930 2588 1010 2615 nata,
1021 2579 1089 2612 Dea
1101 2581 1264 2621 sapientia».

972 2627 1044 2655 771.
1070 2622 1175 2662 pig-ra]
1196 2622 1296 2656 Quam
1324 2621 1365 2651 sol
1391 2621 1499 2656 nullus,
1524 2629 1568 2648 ars
1588 2617 1668 2648 nulla

928 2663 1071 2734 {nulceass
1087 2675 1154 2705 quoe
1171 2666 1238 2695 vcro
1253 2663 1401 2705 pigritiam
1417 2664 1536 2702 insuper
1548 2659 1668 2691 Invidia:

942 2711 1035 2737 oveat.
