1824 2991
586 100 984 144 METAMORPH.
1017 101 1112 145 Lm.
1128 104 1197 146 lV.

85 239 89 245 ³
147 190 332 234 indotata
350 187 467 243 rapit.
527 186 672 229 Taedas
694 189 961 244 Hymenaeus,
978 191 1187 246 Amorque

148 245 420 289 Praecutiunt:
451 244 571 298 largis
591 245 785 286 satiantur
805 246 992 287 odoribus
1013 247 1138 301 ignes,

1546 86 1550 89 ’
1595 112 1672 151 133

1281 192 1443 225 indotatam
1456 193 1571 237 abripit.
1608 195 1674 238 Hy·

1281 246 1411 265 menaeus
1427 245 1456 266 ct
1470 249 1550 268 amor
1564 246 1674 279 praetu-

1281 277 1379 306 lerunt
1408 278 1485 308 faces
1505 280 1670 321 nuptiales:

148 303 342 356 Sertaque
359 301 589 356 dependent
607 302 724 342 tectis
742 317 752 343 :
785 302 953 357 lotique,
974 305 1166 359 lyraeque,
1179 305 1204 354 7
1209 307 1264 344 GO
1282 313 1339 348 fo‘ci
1378 320 1539 359 implemur
1574 322 1675 352 multi·

145 357 358 413 Tibiaque,
378 366 418 398 et
439 366 592 407 cantus,
608 357 734 398 animi
756 359 891 400 felicia
912 360 994 400 laeti

146 415 413 469 Argumenta,
431 420 589 454 sonant.
610 415 625 424 ‘
650 414 849 455 Reseratis
869 430 988 456 aurea
1010 417 1132 457 valvis

138 471 261 512 Atria
275 479 359 511 tota
379 479 532 525 patent,
551 471 803 525 pulchroque
823 472 1016 513 instructa
1039 482 1179 527 paratu

148 526 333 582 Cepheni
352 541 538 581 proceres
559 527 700 567 ineunt
714 528 895 569 convivia
917 529 1035 582 regis.

147 583 365 639 Postquam
376 583 504 638 epulis
514 583 842 639 functi,generosi
854 584 1266 634 muncreBacchi765

1280 361 1422 392 odoribus
1435 372 1442 390 z
1459 370 1489 391 et
1501 364 1617 393 corollae
1626 365 1679 394 de-

1283 404 1416 443 pendent
1431 405 1531 433 tectis:
1556 414 1584 434 et
1610 406 1675 443 loti,

1283 453 1313 475 et
1325 446 1404 487 lyrae,
1427 454 1456 475 et
1470 446 1555 482 tibia,
1569 455 1677 476 etcan-

1283 494 1340 522 tus,
1366 486 1472 517 indicia
1493 486 1588 517 festivi
1614 490 1676 518 ani-

1284 531 1338 566 mi,
1354 536 1524 570 personant.
1552 528 1580 559 Τ
1581 538 1630 559 ota
1644 540 1674 559 a-

1283 573 1339 601 tria
1366 581 1453 601 aurea
1476 579 1574 611 aperta
1597 580 1678 607 sunt,

1285 612 1398 643 foribus
1423 612 1600 652 patentibus.
1635 611 1678 643 Et

145 638 360 681 Diffudere
383 653 562 680 ammos:
586 641 811 694 cultusque,
826 641 1065 696 habitusque
1081 642 1265 683 locorum
1285 656 1440 695 optimates
1461 653 1596 694 cepheni
1620 653 1679 684 fre-

144 696 308 743 Quam-it
325 696 592 738 Abantiades:
625 697 823 751 quoerenti
844 697 1027 752 protinus
1050 711 1152 738 unus

145 752 295 795 Narrat
314 753 533 807 Lyncides,
558 767 783 808 moresque,
804 754 1044 809 habitusque
1059 754 1248 795 virorum.

149 810 257 856 Quae
272 808 394 850 simul
414 808 591 860 edocuit,
613 809 749 860 Nunc,
769 812 794 849 ὂ
814 810 1040 861 fortissime,
1059 810 1173 860 dixit,

1284 706 1429 736 quentant
1451 697 1579 725 convivia
1601 697 1679 737 regis

1285 740 1418 779 specioso
1432 745 1573 779 apparatu
1593 748 1680 767 orna·

1285 789 1324 810 ta.
1377 779 1536 820 Postquam
1567 779 1680 820 epulati

1286 830 1395 859 essent,
1411 820 1608 852 exhilaratum
1616 832 1681 852 cor·

148 866 250 908 Fare
264 879 418 920 precor,
434 864 595 915 Persen,
611 869 760 919 quanta
775 866 933 915 virtute,
947 867 1171 921 quibusque
1185 868 1268 916 770
1286 864 1323 894 ²³³
1344 864 1490 894 beneficio
1501 864 1680 904 praestantis-

149 922 316 965 Artibus
335 922 544 962 abstuleris
560 921 704 962 crinita
718 921 960 963 draconibus
980 937 1062 963 ora.

146 979 293 1021 Narrat
311 978 570 1028 Abantiades,
599 978 734 1031 gelido
754 979 827 1017 sub
847 979 1013 1019 Atlante
1039 978 1245 1033 jacentem

148 1035 250 1077 Esse
269 1036 420 1085 locum,
439 1034 577 1074 solidae
595 1042 727 1074 tutum
750 1034 978 1074 munimine
994 1036 1137 1076 molis:

151 1090 278 1146 Cujus
298 1090 341 1131 in
358 1090 524 1130 introitu
540 1089 723 1143 geminas
743 1090 943 1131 habitasse
961 1105 1113 1131 sorores

149 1146 392 1201 Phorcydas,
411 1147 530 1187 unius
550 1146 712 1201 partitas
734 1146 902 1186 luminis
919 1161 1035 1187 usum
1056 1164 1066 1189 ε

149 1203 199 1245 Id
215 1203 412 1244 se'solerti
432 1203 587 1254 furtim,
609 1203 706 1244 dum
725 1203 907 1253 traditur,
926 1214 1013 1243 astu

150 1259 369 1316 Supposita
387 1259 538 1314 cepisse
560 1274 706 1301 manu:
739 1274 889 1315 perque
909 1260 1044 1300 abdita
1063 1261 1198 1314 longe,

149 1315 377 1372 Deviaque,
405 1325 445 1356 et
464 1316 572 1357 silvis
591 1317 794 1356 horrentia
815 1331 908 1356 saxa
927 1316 1091 1371 fragosis

1287 907 1354 936 suni
1375 907 1455 935 vini:
1479 914 1509 936 et
1534 905 1680 936 Abantia·

1287 948 1337 978 dae
1362 949 1526 977 sciscitatur
1552 949 1626 978 ritus
1646 955 1679 977 et

1286 999 1383 1019 mores
1404 989 1558 1019 locorum:
1581 990 1680 1020 conti-

1288 1032 1349 1060 nuo
1378 1031 1497 1070 quidam
1532 1029 1681 1072 Lyncides

1288 1072 1376 1101 refert
1389 1072 1550 1102 sciscitanti
1563 1073 1637 1102 ritus
1649 1081 1680 1103 et

1287 1123 1382 1143 mores
1391 1113 1558 1143 hominum.
1600 1113 1681 1148 Quae

1287 1156 1389 1185 statim
1415 1163 1502 1195 atque
1526 1157 1679 1192 enarravit,

1288 1196 1391 1234 Nunc,
1407 1198 1515 1237 inquit,
1530 1199 1550 1227 0
1565 1205 1681 1227 strenu-

1287 1240 1386 1269 issime
1423 1238 1542 1275 Persen,
1586 1249 1681 1276 narra,

1287 1291 1400 1321 quaest»,
1414 1282 1524 1321 quanta
1535 1280 1682 1312 fortitudi-

1286 1333 1336 1360 ne,
1352 1332 1382 1352 et
1396 1323 1504 1364 quibus
1519 1322 1593 1353 dolis
1606 1323 1684 1353 abri-

1185 1147 1268 1197 775

151 1373 390 1428 Gorgoneas
408 1373 586 1428 tetigisse
607 1373 770 1414 domos:
801 1373 1031 1428 passimque
1050 1387 1123 1428 per
1141 1386 1270 1427 agros,
1287 1365 1384 1404 P¹¹⁸¹³⁵
1420 1373 1508 1406 ⁰³P¹¹¹
1545 1365 1682 1396 Medusa

1289 1406 1435 1447 hispidum
1497 1406 1681 1437 draconibus.

153 1449 336 1480 Abantiades
350 1456 493 1479 memorat
507 1448 608 1479 locum
624 1460 688 1479 esse
704 1456 871 1490 porrectum
887 1449 942 1479 sub
962 1449 1068 1490 frigido
1093 1449 1227 1485 Atlante,
1250 1459 1386 1479 securum
1400 1456 1484 1490 septo
1498 1450 1569 1478 rasti
1581 1450 1658 1479 muri
1676 1460 1683 1477 ι

148 1491 182 1522 in
197 1492 282 1532 cujus
295 1492 430 1531 ingressu
444 1490 544 1520 sedem
565 1490 702 1521 habuisse
719 1491 790 1521 duas
806 1501 918 1521 sorores
933 1489 1110 1530 Phorcydas,
1132 1502 1199 1532 quae
1214 1491 1301 1521 unius
1312 1490 1390 1520 oculi
1406 1502 1494 1520 usum
1510 1491 1585 1520 inter
1596 1501 1629 1520 se
1643 1491 1685 1520 vi-

149 1534 248 1564 cissim
261 1534 374 1574 partirae
387 1541 467 1570 sunt,
490 1543 522 1562 se
534 1543 601 1562 eum
617 1534 735 1564 oculum
752 1534 922 1573 corripuisse
938 1533 1103 1564 clanculum
1119 1533 1222 1563 callido
1235 1532 1314 1569 dolo,
1328 1543 1418 1562 manu
1430 1533 1586 1569 submissa,
1608 1532 1683 1563 dum

149 1576 187 1605 ab
198 1575 258 1606 unzi
271 1585 367 1605 sorore
380 1575 419 1604 ad
429 1576 552 1605 alterum
566 1575 706 1611 traditum
731 1583 761 1605 et
774 1575 898 1605 subiisse
913 1575 996 1605 sedes
1007 1575 1180 1616 Gorgoneas
1197 1585 1249 1616 per
1264 1577 1327 1606 loca
1342 1575 1431 1616 longe
1451 1584 1574 1613 semota,
1585 1582 1615 1605 et
1626 1574 1677 1605 de-

148 1617 207 1656 via,
227 1624 258 1648 et
268 1627 354 1659 rupes
369 1615 499 1648 horridas
511 1617 588 1648 silvis
602 1619 730 1649 sonoris:
753 1628 783 1649 et
797 1617 866 1648 hinc
883 1618 950 1648 inde
964 1628 1015 1659 per
1029 1627 1158 1659 campos,

849 1784 990 1816 NOTAE.

187 1862 204 1892 7
211 1861 260 1888 58.
271 1856 398 1888 Praemia
410 1858 554 1898 mdotuta]
568 1858 796 1896 Andromedam,
804 1869 893 1899 quam

95 1920 99 1925 .
150 1897 216 1928 sine
229 1898 297 1928 dote
310 1907 496 1940 poposcerat,
523 1909 556 1930 ut
566 1902 659 1931 virum
671 1900 789 1938 fortem,
805 1910 893 1942 atque

152 1940 225 1971 adeo
233 1939 354 1971 heroem
369 1941 479 1971 decuit.

194 1980 242 2013 lb.
257 1982 363 2024 Rapit}
380 1982 518 2013 Allusum
534 1981 609 2013 forte
620 1984 657 2014 ad
668 1983 758 2014 Rom.
770 1995 895 2022 morem,

150 2022 204 2054 ubi
230 2024 356 2065 virgines
371 2025 387 2055 ὲ
398 2025 513 2066 gremio
527 2027 629 2055 matris
644 2027 712 2067 rapi
734 2027 840 2063 solitae,
865 2027 895 2056 in

151 2067 325 2096 memoriam
351 2075 383 2097 et
405 2077 496 2098 omen
523 2072 679 2108 raptarum
707 2067 895 2106 Sabinarum,

151 2107 230 2148 quod
241 2106 371 2138 Romulo
385 2116 416 2138 et
427 2110 487 2139 suis
503 2108 628 2139 feliciter
643 2111 741 2140 cessit.

187 2148 241 2181 lb.
253 2149 450 2190 Hymenoeus]
467 2149 651 2191 Nuptiarum
662 2151 759 2182 Deus.
816 2174 820 2181 ,

189 2196 262 2226 759.
285 2191 407 2233 Largis]
428 2192 479 2223 De
495 2202 648 2233 apparatu,
664 2194 782 2230 ritibus,
798 2201 828 2223 et
840 2192 898 2223 fes-

152 2233 265 2306 Livitate
280 2233 387 2265 celebri
397 2235 576 2276 nuptiarum,
587 2235 652 2265 vide
663 2235 750 2267 Alex.
763 2235 800 2266 ab
812 2235 898 2266 Alex.

177 2275 206 2305 b.
221 2276 252 2306 ii.
268 2285 301 2306 ca
325 2299 332 2306 .
347 2283 377 2307 5.

194 2315 241 2348 Ib.
257 2286 378 2359 erEgis]
396 2317 469 2349 Non
483 2318 546 2349 sine
567 2319 715 2350 sacrificiis
730 2318 897 2361 n'uptiarum

154 2361 329 2390 ceremoniae
340 2360 576 2393 absolvebantur.

197 2405 268 2435 760.
282 2402 419 2443 Letique]
434 2401 471 2433 Id
486 2410 542 2440 est,
557 2403 638 2433 tibiae
653 2413 690 2434 ex
701 2403 765 2434 loto
776 2402 894 2441 frutice,

153 2441 190 2472 de
200 2452 260 2483 quo
279 2444 310 2474 in
324 2444 502 2475 Amoribus:
527 2455 695 2485 quanquam
712 2445 832 2476 mallem
855 2446 895 2483 ci-

152 2483 247 2514 tharae
256 2486 336 2525 quod
350 2487 380 2516 in
395 2486 573 2528 quibusdam
586 2488 741 2528 reperitur,
757 2489 812 2517 nisi
829 2486 896 2518 He·

156 2526 235 2555 insio
249 2534 279 2557 et
292 2526 445 2560 Gronovio
460 2530 528 2560 viris
543 2529 710 2560 clarissimis
725 2530 810 2560 aliter
820 2530 899 2560 vide-

158 2574 252 2597 retur.

156 2612 270 2683 mgaffi:
283 2609 432 2654 Cepheni]
447 2611 510 2676 Qui
522 2612 638 2655 Cephei
652 2604 747 2646 aulam
760 2612 899 2656 frequen·

981 1862 1052 1894 766.
1070 1855 1239 1898 Dg'ffudi're]
1264 1856 1299 1887 Id
1313 1862 1371 1894 est,
1399 1854 1460 1886 Cor
1474 1855 1681 1893 dilataverunt,

938 1899 1157 1935 exhilarativum
1182 1910 1250 1929 narn
1273 1899 1385 1929 laetitiae
1406 1906 1507 1929 auctor
1531 1897 1683 1935 Bacchus,

938 1943 987 1983 qui
1005 1943 1082 1972 curis
1095 1949 1149 1971 aut
1162 1942 1302 1972 moestitia
1316 1948 1481 1971 contractos
1496 1941 1622 1971 resolvit.

981 1989 1055 2018 768.
1071 1983 1228 2024 Lyncides]
1247 1982 1361 2024 Lyncei
1372 1982 1464 2020 filius,
1489 1983 1546 2014 nisi
1570 1992 1680 2014 nomen

938 2034 982 2056 est
997 2027 1158 2067 proprium.

982 2073 1055 2103 771.
1072 2067 1148 2106 Ora]
1163 2064 1300 2096 Medusae
1311 2074 1400 2107 caput
1411 2064 1598 2107 serpentibus
1613 2063 1682 2096 hor-

939 2109 1050 2147 ridum,
1059 2117 1093 2140 ut
1100 2108 1189 2150 supra.
1202 2108 1338 2138 vidimus.

984 2157 1057 2187 275.
1075 2149 1257 2192 Phorcydas]
1275 2149 1430 2190 Gorgonas
1445 2148 1516 2178 dicit
1527 2147 1683 2190 Pephredo

940 2200 971 2224 et
999 2193 1101 2235 Enyo,
1137 2192 1244 2233 quibus
1274 2191 1388 2221 addunt
1417 2190 1555 2221 nonnulli
1588 2190 1683 2228 Dino,

940 2233 1049 2266 Phorci
1061 2235 1152 2271 filias3
1176 2244 1259 2274 qum,
1274 2233 1354 2274 qubd
1377 2242 1459 2264 canae
1475 2240 1552 2263 natoe
1572 2231 1686 2265 fuerint

942 2277 1053 2308 G‘raeas
1066 2277 1280 2312 vocitavemnt;
1303 2285 1428 2316 quarum
1442 2284 1554 2305 sorores
1563 2273 1683 2307 fueram

939 2319 1005 2350 aliae
1020 2318 1158 2354 Medusa,
1174 2315 1319 2358 Sthenyo,
1334 2325 1364 2347 et
1374 2315 1513 2359 Euryale.

983 2360 1030 2391 lb.
1046 2360 1140 2391 Unius
1154 2359 1288 2399 luminis]
1321 2358 1420 2396 Oculi,
1447 2357 1514 2400 quo'
1531 2368 1584 2399 per
1606 2358 1683 2388 vices

937 2403 1112 2439 utebantur;
1135 2409 1224 2442 atque
1237 2401 1374 2441 equidem
1387 2411 1457 2431 eum
1473 2399 1682 2431 szsiliarium

936 2445 1038 2476 volunt
1048 2443 1153 2480 fuisse,
1174 2443 1226 2483 qui
1241 2442 1423 2476 fabulamad
1442 2441 1593 2472 historiam
1608 2439 1682 2470 rese·

937 2496 1024 2524 runt;
1050 2486 1240 2517 Pmdentiam
1254 2486 1335 2522 vero,
1350 2485 1403 2525 qui
1417 2484 1452 2514 ad
1469 2494 1572 2514 mores.

985 2535 1057 2564 779.
1074 2526 1258 2567 Gorgoneas]
1273 2526 1309 2558 In
1319 2527 1429 2567 quibus
1440 2524 1579 2561 Medusa,
1590 2521 1681 2553 Sthe·

940 2580 1012 2612 nyo,
1031 2579 1063 2600 et
1076 2568 1205 2610 Euryale
1216 2568 1373 2610 degebant.
1388 2566 1592 2598 Consulendus
1617 2575 1681 2596 om-

941 2615 1014 2643 nino
1026 2610 1142 2642 Natalis
1154 2609 1276 2648 Comes,
1304 2611 1356 2651 qui
1367 2609 1442 2641 hanc
1452 2606 1582 2640 fabulam
1596 2616 1681 2649 egre·

942 2656 990 2697 gie
1003 2654 1039 2687 ad
1054 2663 1149 2686 mores
1163 2653 1374 2685 accommodat.
