1824 2991
610 127 1016 191 'METAMoRPst
1045 147 1143 187 Lm.
1165 147 1240 188 111.

1637 146 1690 193 37

176 232 288 282 lraeta
296 237 418 288 malo,
429 235 686 291 nimiirmque
694 235 1105 292 potenS,perituraque
1115 235 1286 277 amantis
1303 233 1420 266 Semele
1435 235 1563 276 gestiens
1576 233 1697 270 damno,

176 293 383 349 Obsequio
401 293 577 344 Semele,
607 293 789 338 Qualem
809 292 1010 343 Saturnia,
1039 293 1156 344 dixit,

175 351 237 392 Te
254 352 355 390 solet
372 349 580 404 amplecti,
606 349 775 390 Veneris
794 350 889 390 cum
905 349 1039 390 fcedus
1055 348 1190 399 initis3

1303 285 1332 307 et
1348 278 1472 308 nimium
1487 277 1594 314 valens,
1608 284 1638 306 et
1650 276 1697 306 in-

1305 320 1423 349 teritura
1437 319 1578 359 obsequio
1594 327 1697 348 aman-

1305 362 1356 397 tis,
1383 359 1483 390 Praebe
1509 370 1551 397 tc,
1585 360 1696 400 iuquit,

177 407 244 449 Da
264 406 366 447 mihi
385 416 424 446 te
444 407 581 447 talem.
610 405 753 446 Voluit
770 405 883 446 Deus
903 419 973 446 ora
985 405 1184 460 loquentis
1204 407 1286 450 295
1305 402 1379 452 Pih'·
1396 402 1496 439 talem,
1506 402 1622 442 q¹1³¹em
1638 401 1698 431 fili·

177 463 432 518 Opprimere.
452 461 618 504 Exierat
630 460 715 516 jam
733 475 809 502 vox
823 470 1033 516 properata
1043 463 1116 502 sub
1130 475 1257 502 auras.

1307 445 1427 474 saturni
1469 444 1623 473 consuevit
1667 450 1728 472 te,

1307 487 1461 527 complecti
1490 487 1558 515 cirin
1594 485 1698 513 venitis

177 518 403 574 Ingemuit:
425 533 556 573 neque
569 518 681 559 enim
694 532 777 558 non
790 518 879 559 haec
893 521 1061 572 optasse,
1078 531 1208 572 neque
1222 517 1290 558 illc
1308 528 1454 567 adgaudia
1462 526 1594 557 Veneris.
1611 525 1699 556 Deus

179 575 274 617 Non
283 574 440 630 jurasse
456 582 599 629 potest.

659 574 773 628 Ergo
795 574 1075 616 moestissimus
1095 575 1222 614 altum

181 632 349 674 AEthera
368 631 627 681 conscendit3
657 640 838 686 nutuque
858 631 1066 686 sequentia
1085 630 1206 671 traxit

1308 563 1399 600 voluit
1421 569 1573 599 occludere
1598 578 1630 597 os
1657 568 1699 596 lu-

1309 613 1442 652 quentis:
1476 612 1524 641 ,scd
1556 611 1616 649 jam
1644 619 1700 639 vox

1310 655 1445 695 expedita
1469 655 1576 683 exierat
1597 653 1629 681 in
1653 656 1700 680 ai?-

178 688 354 730 Nubila:
385 688 497 742 queis
517 688 689 738 nimbos,
716 687 974 742 immistaque
988 689 1149 741 fulgura
1165 685 1292 726 ventis
1310 706 1381 726 rem.
1408 693 1588 736 Suspiravitz
1605 703 1701 733 neque

178 744 365 794 Addidit,
392 752 432 784 et
448 744 632 794 tonitrus,
663 751 703 784 et
722 744 954 784 inevitabile
969 745 1140 786 fulmen.

180 801 277 845 Qua
294 809 432 842 tamen
446 815 572 855 usque
584 808 728 855 potest,
757 800 858 841 vires
870 800 946 841 sibi
960 801 1122 841 demere
1135 807 1273 840 tentat.

181 857 285 908 Nec,
315 871 397 912 quo
416 858 694 898 centimanum
717 855 914 910 dejecerat
935 857 1028 910 igne
1046 857 1247 911 Typhoea,

182 913 307 955 Nunc
323 922 500 954 armatur
515 928 591 955 eo:
627 913 802 954 nimiixm
824 913 989 953 feritatis
1010 914 1051 954 in
1075 915 1160 954 illo.

183 965 262 1011 Est'
271 970 382 1011 aliud
395 970 519 1010 levius
534 971 688 1010 fulmen
701 986 712 1020 ;
736 969 802 1011 cui
816 969 954 1010 dextra
968 969 1192 1024 Cyclopum
1214 971 1294 1009 305

182 1026 361 1068 Saevitiae
376 1026 634 1080 flammaeque
656 1025 804 1076 minus,
835 1026 969 1065 minus
989 1026 1143 1066 addidit
1162 1026 1256 1066 irae:

1209 746 1283 782 30]
1310 739 1389 767 enim
1403 738 1459 767 illa
1475 744 1572 777 potest
1584 745 1642 764 non
1655 744 1703 764 vo-

1235 793 1240 798 ¹
1310 781 1383 809 visse
1398 781 1570 819 ista,neque
1585 777 1634 806 ille
1645 787 1704 806 non

1305 821 1497 860 jurejurando
1506 820 1703 850 confirmasse.

1312 862 1409 903 Igitur
1424 863 1604 893 tristissimus
1628 861 1705 902 petit

1312 916 1483 946 supremum
1519 905 1640 940 coelum,
1678 911 1725 933 et-

1314 948 1454 988 corripuit
1470 955 1546 976 nutu
1568 955 1707 985 sequaces

1313 989 1422 1025 nubes,
1457 988 1565 1028 quibus
1602 987 1708 1026 adjecit

1317 1031 1445 1066 nimbos,
1469 1038 1500 1059 et
1519 1029 1634 1069 fulgura
1654 1030 1710 1058 im-

183 1083 285 1123 Tela
295 1081 792 1135 secundavocantSuperi.
812 1081 931 1135 Capit
947 1082 1016 1121 illa
1024 1097 1035 1131 3
1051 1082 1300 1135 domumque
1317 1074 1407 1102 ”¹³³⁹
1435 1072 1539 1108 ‘'⁴³¹¹‘³⁵'
1573 1079 1603 1102 et
1631 1071 1711 1100 ‘0¹¹³‘

181 1139 313 1183 Intrat
332 1139 600 1191 Agenoream.
662 1137 817 1190 Corpus
833 1139 1002 1178 mortale
1018 1139 1216 1177 tumultus

186 1194 284 1236 Non
300 1194 396 1234 tulit
409 1194 631 1243 aetliere053
663 1193 859 1248 donisque
874 1192 1080 1248 jugalibus
1100 1193 1208 1234 arsit.

1318 1124 1394 1150 trua,
1416 1121 1445 1142 et
1468 1113 1582 1143 fulmen
1600 1112 1714 1142 ineluc-

1318 1155 1418 1185 tabile.
1442 1153 1711 1184 Nititur-tamenn-

1319 1207 1365 1226 res
1380 1207 1445 1226 suas
1460 1198 1604 1233 minuere,
1619 1205 1712 1236 quan-

185 1249 454 1305 Imperfectus
473 1250 607 1290 adhuc
628 1249 760 1290 infans
780 1249 987 1304 genitricis
1007 1251 1058 1290 ab
1071 1251 1161 1290 alvo
1221 1253 1304 1290 310
1319 1240 1384 1269 mm
1409 1246 1522 1279 P⁰“³⁵‘²
1545 1248 1642 1278 neque
1666 1238 1712 1267 in-

186 1306 382 1361 Eripitur,
410 1307 619 1362 patrioque
639 1313 754 1347 tener
775 1307 827 1360 (si
845 1306 1007 1347 credere
1023 1306 1209 1361 dignum)

187 1362 366 1404 Insuitur
385 1363 554 1413 femori3
587 1372 848 1418 maternaque
867 1371 1051 1417 tempora
1071 1364 1263 1417 complet.

187 1419 345 1461 Furtim
365 1420 484 1460 illum
504 1419 645 1474 primis
661 1420 736 1460 Ino
755 1427 970 1461 matertera
990 1419 1106 1460 cunis

188 1474 365 1533 Educat.
424 1476 526 1518 Inde
547 1477 689 1518 datum
709 1477 902 1532 nymphae
918 1476 1112 1532 Nyseides
1127 1476 1251 1517 antris

1319 1282 1440 1311 struitur
1453 1281 1486 1310 ea
1501 1280 1630 1316 flamma,
1653 1279 1713 1320 qua

1321 1322 1522 1352 deturbaverat
1570 1321 1714 1352 centima-

1322 1374 1395 1394 num
1409 1363 1596 1406 Typheeum:
1621 1363 1714 1393 nimia

1322 1411 1384 1437 erat
1399 1407 1508 1436 saevitia
1522 1407 1553 1436 in
1565 1406 1622 1436 illas
1658 1403 1715 1435 Est

1323 1448 1401 1478 aliud
1417 1447 1528 1478 fulmen
1541 1448 1654 1483 mitius,
1665 1447 1714 1477 cui

1324 1491 1425 1520 dextra
1437 1489 1599 1531 Cyclopum
1619 1490 1717 1519 minus

1323 1534 1461 1573 apposuit
1469 1532 1594 1562 feritatis
1603 1539 1633 1561 et
1642 1531 1718 1572 ignis

190 1580 220 1604 et
242 1574 342 1604 minus
357 1575 626 1605 excandescentioe:
648 1574 706 1606 Dii
731 1574 881 1616 appellant
899 1574 1036 1605 Secunda
1058 1574 1195 1605 fulmina.
1240 1573 1340 1605 Sumit
1355 1574 1421 1611 illa;
1444 1582 1474 1604 et
1500 1574 1581 1604 subit
1596 1573 1718 1603 domum

139 1615 148 1621 ”
190 1615 346 1656 Agenoris.
388 1616 502 1657 Corpus
518 1618 604 1647 morti
619 1617 781 1648 obnoxium
795 1627 853 1647 non
864 1619 962 1658 potuit
977 1618 1038 1658 pati
1054 1624 1260 1658 tempestatem
1270 1616 1440 1654 aetheream,
1455 1624 1487 1646 et
1505 1615 1636 1657 flagravit
1651 1625 1717 1645 mu-

190 1657 309 1688 neribus
324 1659 515 1700 nuptialibus.
557 1657 660 1689 Foetus
681 1659 779 1689 adhuc
794 1660 970 1689 immaturus
985 1658 1150 1689 extrahitur
1164 1659 1200 1689 ab
1220 1666 1304 1689 utero
1324 1659 1436 1696 matris,
1458 1666 1488 1688 et
1502 1659 1527 1692 si
1542 1658 1658 1690 credere
1673 1656 1717 1686 fas

191 1706 247 1736 cst,
269 1707 351 1730 tener
364 1702 490 1732 insuitur
502 1699 607 1732 femori
619 1702 720 1742 patris,
735 1709 765 1731 et
776 1702 816 1731 ila·
831 1701 957 1731 absolvit
967 1709 1100 1741 tempora
1113 1712 1180 1739 ‹711oe
1191 1703 1222 1731 in
1238 1700 1338 1730 matris
1349 1708 1432 1729 utero
1443 1699 1618 1740 complenda
1624 1701 1719 1729 erant.

191 1739 248 1771 Ino
264 1749 417 1773 matertera
432 1743 507 1774 clam
522 1743 640 1773 Junone
654 1743 739 1773 illum
755 1742 858 1773 educat
869 1743 971 1784 primis
986 1744 1080 1774 cunis.
1123 1741 1244 1775 Deinde
1260 1740 1398 1782 nymphae
1408 1740 1552 1782 NyseIdes
1563 1740 1619 1771 sibi
1630 1740 1717 1771 tradi-

191 1789 254 1813 tum
266 1784 356 1814 autrIs

887 1918 1031 1951 NOTAE.

240 1984 312 2011 992.
326 1977 426 2018 Malo]
452 1977 544 2013 Quod
555 1977 675 2019 quidem
687 1977 760 2009 boni
772 1978 826 2008 sub
841 1979 939 2020 specie

198 2019 379 2058 intuebatur,
393 2031 456 2050 sese
472 2020 538 2050 ideo
551 2019 688 2057 efferens,
701 2021 779 2061 quod
793 2021 866 2051 votis
879 2021 939 2051 suis

150 2088 156 2095 .
197 2061 423 2103 quibuscunque
436 2061 559 2103 Jupiter
573 2061 748 2103 indulgeret.

240 2109 313 2138 297.
329 2104 429 2144 Neque
443 2104 533 2144 mim]
551 2103 702 2134 Praeterita
713 2105 826 2144 estjam
844 2112 872 2134 et
886 2103 941 2134 Se-

199 2145 291 2176 meles
313 2146 431 2186 petitio,
455 2154 485 2176 et
506 2145 590 2176 Jovis
615 2147 771 2187 promissio
776 2160 784 2184 ;
808 2147 940 2188 adeoque

200 2195 305 2217 neutra
318 2194 417 2228 potest
430 2188 568 2218 revocari.

242 2233 316 2259 303.
332 2229 477 2270 Typhoea]
491 2227 562 2259 Puit
572 2228 726 2270 Typhoeus
740 2230 823 2271 gigas
837 2231 942 2261 imma-

201 2271 260 2308 nis,
281 2271 389 2301 vertice
417 2271 527 2302 coelum
542 2273 723 2312 pertingens,
745 2279 865 2303 centum
880 2273 944 2303 dra-

202 2310 311 2343 conuui
339 2313 487 2354 capitibus
502 2323 539 2343 ex
566 2311 696 2343 humeris
715 2313 943 2354 pullulantibus,

201 2353 364 2385 luminibus
373 2356 480 2396 igneis,
491 2365 542 2385 ore
552 2354 684 2385 flammas
693 2363 855 2394 eructante,
865 2357 944 2387 aliis·

202 2406 261 2437 que
276 2396 363 2427 rebus
376 2397 514 2428 terribilis
523 2411 531 2434 ;
548 2407 638 2437 quem
653 2396 731 2427 bello
745 2397 879 2428 adversus
895 2410 944 2429 su-

202 2447 287 2478 peros
308 2439 448 2480 congredi
471 2449 574 2469 ausum
598 2437 718 2480 Jupiter
736 2439 855 2470 tandem
877 2450 945 2481 pro-

200 2479 312 2517 stravit,
325 2481 480 2522 insulaque
495 2479 598 2511 Sicilia
612 2480 720 2511 obruit.

246 2526 319 2552 305.
338 2522 515 2565 Cyclcqmm]
533 2521 678 2564 Cyclopes
691 2529 760 2552 sunt
773 2521 901 2554 Vulcani
914 2524 945 2554 in

205 2561 379 2594 fabricandis
392 2565 566 2595 fulminibus
582 2565 720 2594 ministri.

209 2609 322 2674 Αὸοδ.
344 2606 542 2647 Agenoream]
561 2604 707 2645 Semeles,
729 2607 777 2637 cui
799 2617 868 2638 avus
890 2606 948 2638 suit

259 2655 340 2676 επιστ.

266 2686 297 2716 b.
313 2687 482 2732 Tumultus]
499 2689 684 2724 Exfulmine
695 2697 726 2722 et
741 2691 854 2734 reliquo
863 2689 948 2724 «Iovis

209 2734 359 2769 apparatu.
471 2755 475 2757 >

1025 1983 1098 2010 309.
1114 1976 1382 2017 Donisjagalz'lms]
1396 1975 1533 2007 Fulmine
1542 1977 1590 2008 alii
1628 1987 1665 2007 ue
1674 1987 1723 2008 su-

982 2020 1035 2061 pra
1049 2020 1211 2057 recensitis,
1228 2030 1295 2059 quoe
1304 2020 1409 2049 amoris
1423 1988 1722 2051 testimoniasgemele

982 2063 999 2092 ὲ
1013 2060 1089 2092 Jove
1098 2062 1268 2101 expetierat.

1026 2110 1100 2134 310.
1125 2102 1243 2142 Infans]
1268 2103 1414 2132 Bacchus.

1027 2150 1100 2175 312.
1123 2144 1278 2183 Materna]
1307 2143 1423 2174 Decem
1451 2154 1566 2174 menses
1588 2144 1702 2175 lunares
1715 2159 1723 2182 ;

983 2187 1126 2227 quamdiu
1152 2187 1182 2216 in
1213 2186 1295 2216 utero
1326 2194 1472 2222 materno,
1494 2193 1528 2215 ut
1555 2186 1727 2227 plurimum,

984 2229 1074 2259 foetus
1089 2228 1214 2259 fovetur.

1028 2276 1102 2301 813.
1123 2269 1190 2309 Ino]
1216 2268 1316 2304 Quam
1346 2270 1416 2299 ante
1442 2268 1575 2300 Semeles
1599 2279 1726 2300 sororem

985 2311 1091 2343 Cadmi
1105 2312 1195 2342 filiam
1206 2312 1349 2342 videmus.

1029 2361 1101 2385 314.
1123 2353 1227 2383 Antris
1243 2354 1317 2394 suis]
1344 2354 1473 2384 Antrum
1503 2354 1587 2391 illud,
1611 2355 1641 2384 in
1668 2363 1728 2393 quo

987 2395 1123 2427 Bacchus
1135 2396 1264 2425 nutritus
1277 2395 1382 2426 fuerat.
1400 2396 1592 2437 ,Dythyriles
1603 2403 1731 2425 vocatur.

989 2437 1078 2468 Unde
1099 2446 1130 2467 et
1145 2436 1282 2468 Bacchus
1295 2436 1518 2479 Dyrhyrambus
1543 2445 1670 2473 vocatur,

987 2479 1067 2521 quod
1083 2479 1136 2509 δύω
1152 2479 1257 2520 θύρας,
1272 2478 1330 2510 hoc
1343 2488 1400 2517 est,
1410 2479 1470 2510 duo
1482 2479 1597 2518 januas,
1611 2487 1728 2508 antrum

987 2522 1133 2558 habuerit,
1150 2528 1184 2551 ut
1205 2521 1325 2562 quidam
1342 2524 1358 2552 e
1370 2521 1486 2552 Graecis
1502 2528 1627 2551 narrant.
1671 2518 1732 2550 Sed

988 2564 1050 2595 vide
1062 2563 1149 2600 infra,
1171 2573 1230 2593 ver.
1244 2569 1317 2598 397.

1031 2604 1077 2638 Ib.
1091 2604 1249 2647 Nyseides]
1268 2603 1371 2636 Plures
1386 2603 1511 2648 Bacchi,
1527 2601 1625 2643 plures
1638 2600 1731 2643 Nysae

989 2648 1077 2678 urbes
1085 2646 1205 2686 fuerunt
1213 2661 1221 2683 ;
1230 2658 1267 2677 ex
1276 2649 1376 2687 quoin
1386 2656 1475 2677 unum
1486 2652 1638 2685 congestas
1644 2642 1732 2675 Grae·

991 2700 1094 2721 corum
1108 2689 1242 2719 fictiones
1261 2689 1297 2719 ad
1312 2689 1438 2729 aliquam
1454 2686 1581 2715 veritatis
1603 2687 1731 2726 speciem

992 2731 1110 2763 difficile
1133 2732 1172 2762 sit
1194 2731 1343 2762 reducere.
1379 2728 1492 2760 Plinius
1508 2726 1621 2770 Nysam
1639 2726 1732 2759 lndioe
