1824 2991
466 257 1361 337 INDEX

607 445 745 471 EORUM
775 446 865 473 QUAE
894 447 939 469 IN
966 444 1218 472 UNOQUOQUE

472 579 477 583 '
526 574 775 622 LIBRO
827 573 925 621 ET
975 572 1298 622 FABULA

150 743 1232 822 METAMORPHOSEON
1308 739 1674 813 OVIDII

656 908 1169 950 CONTINENTUR.
1250 888 1253 890 ’

431 1228 566 1270 LIBRI
598 1229 618 1270 I

220 1340 813 1384 METAMORPHOSEOS.

146 1455 290 1497 Cattos
357 1456 400 1497 in
467 1463 638 1511 quatuor
691 1457 893 1496 elementa

738 1512 843 1554 ΕΑΒ.
870 1517 887 1553 l

148 1568 312 1610 Coelum
335 1576 376 1609 et
387 1575 493 1609 terra
506 1568 685 1624 quinque
703 1568 893 1610 distincta

205 1626 317 1667 zonis
863 1630 891 1666 2

938 1228 1084 1282 Syrinx
1105 1227 1285 1283 nympha
1301 1227 1342 1268 in
1361 1228 1563 1269 calamum
1629 1233 1677 1269 13

936 1286 1071 1339 Argus
1093 1285 1135 1325 in
1157 1285 1325 1325 caudam
1349 1284 1515 1339 pavonis

936 1341 983 1381 Io
999 1339 1120 1382 vacca
1137 1341 1179 1382 in
1193 1341 1415 1382 humanam
1435 1342 1605 1381 sormam
1629 1345 1681 1383 14

936 1397 1170 1439 Phaetontis
1185 1399 1430 1454 Epaphique
1452 1396 1664 1439 contentio

1191 1568 1328 1610 Ltssm
1358 1568 1413 1609 IL

148 1681 336 1726 Quatuor
353 1689 566 1723 ventorum
588 1682 769 1736 regiones
936 1680 1093 1722 REGIAE
1111 1681 1203 1722 solis
1221 1681 1436 1735 descriptio
1523 1680 1558 1723 F
1559 1693 1630 1722 ΑΒ.
1655 1685 1673 1721 1

150 1738 345 1779 Hominis
362 1739 476 1791 origo
936 1737 1122 1781 Quatuor
1134 1738 1230 1779 anni
1250 1748 1381 1792 partes

149 1795 335 1840 Quatuor
345 1803 511 1835 aetatum
527 1794 742 1849 descriptio
756 1799 795 1845 3,
809 1801 849 1846 4,
864 1801 889 1837 5
934 1794 1039 1835 Solis
1055 1798 1191 1835 currus
1213 1794 1430 1848 descriptio

150 1850 376 1905 Gigantum
417 1852 578 1906 sanguis
620 1852 663 1892 in
704 1851 890 1892 homines
934 1851 1145 1906 Equorum
1161 1851 1254 1906 solis
1271 1851 1439 1892 nomina

207 1908 387 1948 crudeles
863 1913 889 1950 6
932 1908 1070 1948 Terrae
1090 1907 1327 1948 incendium

148 1964 312 2018 Lycaon
335 1965 374 2004 in
397 1966 540 2019 lupum
844 1968 889 2016 v7
933 1964 1109 2005 Telluris
1131 1966 1308 2018 querelae

149 2020 290 2068 Lactei
313 2021 455 2061 circuli
475 2021 692 2076 descriptio
934 2020 1168 2061 Phaetontis
1185 2035 1298 2061 casus

148 2075 261 2117 Jovis
276 2077 402 2118 oratio
418 2078 467 2118 de
489 2078 678 2133 Lycaone
884 2098 895 2106 κ
935 2077 1130 2118 Heliades
1151 2077 1192 2117 in
1214 2078 1382 2132 populos
1651 2081 1680 2116 2

148 2131 306 2173 Diluvii
327 2134 545 2188 descriptio
633 2170 637 2172 .
864 2139 891 2176 8

147 2188 321 2244 Lapides
342 2192 382 2230 in
401 2190 587 2231 homines
814 2240 816 2242 r

147 2246 270 2287 Terra
290 2247 332 2287 in
349 2247 472 2288 varias
485 2246 725 2289 animalium
746 2246 892 2302 figuras

148 2357 340 2414 Pythonis
359 2361 553 2416 serpentis
573 2361 703 2402 caedes

152 2413 286 2470 Pythii
305 2416 391 2457 ludi

152 2469 362 2528 Cupidinis
371 2473 606 2527 sagittarum
616 2473 830 2530 descriptio
842 2478 893 2515 10

149 2525 325 2582 Daphne
347 2529 389 2570 in
408 2531 568 2572 laurum

149 2583 323 2638 Tempes
343 2586 577 2643 descriptio

147 2638 195 2680 lo
211 2640 254 2680 in
270 2655 433 2684 vaccam

148 2695 375 2740 Mercurius
391 2699 442 2740 ad
456 2701 618 2754 Argum*
631 2701 775 2744 missus
838 2707 891 2744 12

837 2593 882 2630 ll

854 2384 857 2386 ·
936 2363 1061 2403 Arcas
1079 2375 1175 2402 cum
1190 2360 1348 2402 Calisto
1357 2368 1483 2401 matre
1501 2360 1543 2401 in
1553 2359 1684 2401 sidera

937 2133 1160 2175 Heliadum
1183 2134 1401 2189 lachrymae
1422 2134 1470 2175 in·
1483 2134 1681 2174 electrum

937 2247 1101 2302 Cygnus
1117 2261 1185 2287 rex
1201 2246 1399 2302 Ligurum
1423 2246 1465 2287 in
1478 2247 1631 2287 olorem
1650 2194 1682 2287 Ξ

937 2304 1089 2345 Calisto
1106 2303 1305 2359 Lycaonis
1327 2304 1409 2344 filia
1431 2304 1472 2344 in
1487 2305 1619 2344 ursam
1654 2308 1679 2344 5

936 2474 1090 2516 Corvus
1109 2489 1160 2515 ex
1177 2474 1352 2515 candido
1373 2473 1489 2529 niger
1651 2474 1679 2522 7

936 2531 1104 2573 Coronis
1125 2532 1166 2572 in
1188 2531 1394 2572 cornicem
1653 2534 1681 2570 8

935 2587 1197 2630 Ericthonius
1217 2589 1303 2629 sine
1324 2594 1450 2628 matre
1467 2593 1583 2627 natus

933 2645 1180 2700 Nyctimene
1195 2645 1236 2685 in
1258 2653 1448 2685 noctuam
1652 2646 1678 2684 9

933 2701 1093 2756 Ocyroe
1103 2701 1290 2744 Chironis
1300 2700 1384 2742 filia
1398 2700 1440 2743 in
1456 2713 1603 2756 equam
1629 2703 1681 2740 10
