1824 2991
607 161 1000 205 METAMORPH.
1031 163 1130 206 Lm.
1158 164 1254 206 XV.

151 254 247 298 Qua
261 251 368 307 prius
390 251 536 292 infesto
552 251 661 293 Paris
679 260 735 292 cst
755 260 912 306 ereptus
926 252 1080 295 Atridae
1096 269 1106 293 ε

150 309 207 351 Et
221 308 467 350 Diomedeos
489 309 638 350 AEneas
657 310 816 362 fugerat
832 322 957 351 enses,

149 364 316 406 Talibus
332 366 434 406 hanc
447 364 625 418 genitor:
651 364 745 405 Sola
766 364 1035 419 insuperabile
1055 367 1197 415 fatum,

149 419 270 471 Nata,
288 434 446 462 movere
463 421 604 474 paras?
637 420 758 460 intres
774 420 871 461 licet
891 420 976 475 ipsa
994 435 1176 463 sororum

147 475 276 518 Tecta
295 477 416 517 trium
424 490 437 526 3
455 489 592 516 cernes
613 475 697 516 illic
713 476 926 517 molimine
946 485 1055 518 vasto

148 531 214 573 Ex
233 546 327 582 aere,
340 540 379 572 et
398 532 527 573 solido
547 546 678 572 rerum
701 533 896 573 tabularia
916 535 1041 574 ferro:

150 587 256 632 Quae
273 601 363 643 neq3
380 602 623 629 concursum
641 588 752 638 coeli,
773 602 903 643 neque
918 589 1100 630 fulminis
1120 589 1236 640 iram,

147 643 237 685 Nec
258 653 446 686 metuunt
466 645 566 684 ullas
588 652 672 684 tuta
691 652 811 698 atque
830 653 979 685 aeterna
994 645 1137 686 ruinas.

147 699 334 740 Invenies
350 701 434 741 illie
455 700 579 740 incisa
599 700 811 740 adamante
831 702 1000 754 perenni

148 755 247 797 Fata
262 757 321 797 tui
338 756 508 811 generis.
566 756 668 810 Legi
688 756 794 810 ipse;
817 757 1032 811 animoque
1054 758 1209 799 notavi:

147 811 202 853 Et
220 814 388 855 referam
407 829 416 855 :
437 827 488 853 ne
508 812 559 853 sis
579 812 801 853 etiamnum
823 813 960 866 ignara
980 815 1117 855 futuri.
1171 819 1252 856 815

147 867 235 909 Hic
254 883 325 909 sua
344 869 561 922 complevit
580 872 672 922 (pro
691 883 785 923 quo,
803 869 1011 923 Cytherea,
1025 871 1194 923 laboras)

147 923 365 979 Tempora,
378 925 576 980 perfectis,
592 939 691 978 quos
706 934 821 965 terrae
841 926 992 976 debuit,
1012 927 1140 967 annis.

148 978 209 1020 Ut
229 980 341 1021 Deus
357 981 521 1022 accedat
544 982 663 1031 coelo,
684 983 924 1036 templisque
945 983 1111 1032 colatur,

147 1035 215 1077 Tu
236 1036 379 1087 facies3
402 1045 595 1092 natusque
615 1051 722 1087 suus,
741 1037 812 1091 qui
833 1037 1008 1078 nominis
1027 1039 1169 1089 haeres,

1545 169 1660 217 ,471

1171 257 1252 294 805
1273 254 1331 291 qua
1356 260 1441 284 antea
1466 253 1545 285 Paris
1567 264 1612 286 est
1634 266 1669 285 a·

1272 294 1408 335 demptus
1436 297 1555 326 terribili
1583 297 1665 327 Atri-

1271 336 1334 372 dae;
1359 338 1475 376 quique
1495 337 1603 368 AEueas
1622 339 1664 368 vi-

1271 386 1377 408 taverat
1395 379 1523 419 gladium
1539 379 1665 410 Diome-

1271 419 1324 449 dis.
1368 417 1452 449 Pater
1471 419 1585 461 affatur
1600 432 1664 451 earn

1270 461 1413 500 ejusmodi
1438 463 1546 492 verbis:
1580 461 1666 500 Filia,

1271 504 1393 543 cupisne
1409 503 1469 533 sola
1488 512 1601 534 mutare
1622 504 1664 534 fu-

1169 537 1255 574 810
1271 553 1335 574 tum
1366 546 1529 575 invictum?
1574 543 1663 575 Potes

1272 587 1332 627 ipsa
1347 586 1444 616 subire
1459 586 1560 617 domos
1576 588 1663 616 trium

1270 638 1402 658 sororum
1415 639 1421 657 z
1440 628 1479 658 ibi
1496 628 1608 658 videbis
1619 636 1662 658 ta-

1270 669 1353 699 bulas
1369 680 1464 699 rerum
1477 670 1548 709 salo
1571 671 1664 699 decre-

1271 716 1369 741 tarum
1394 722 1429 741 ex
1444 722 1502 741 aere
1521 720 1549 741 et
1570 712 1665 752 rigido

1271 752 1348 783 fen-o
1377 761 1462 782 vastae
1487 753 1665 794 magnitudi-

1272 795 1332 830 nis3
1349 805 1417 834 quae
1433 802 1506 824 tutae
1519 803 1608 834 atque
1624 805 1664 823 ze-

1271 844 1375 873 ternae,
1412 846 1506 875 neque
1533 836 1666 866 refomii-

1271 877 1341 907 dant
1368 877 1549 908 collisionem
1584 878 1664 914 coeli,

1271 929 1366 959 neque
1397 920 1541 959 impetum
1564 919 1665 949 fulmi-

1272 961 1328 996 nis,
1351 971 1445 1001 neque
1462 961 1534 991 ullas
1553 963 1662 991 ruinas.

1272 1000 1337 1032 Illic
1357 1003 1482 1043 reperies
1497 1009 1588 1032 sortes
1603 1010 1664 1033 tuoe

1270 1043 1379 1073 sobolis
1409 1043 1568 1084 insculptas
1594 1043 1664 1074 ada·

146 1091 389 1146 Impositum
404 1095 502 1134 feret
519 1093 642 1133 Urbis
657 1107 779 1134 onus:
803 1093 936 1148 caesiq;
957 1094 1130 1148 parentis
1169 1098 1253 1135 820
1271 1093 1371 1114 mame
1386 1085 1553 1115 inv³⁰¹²b¹¹i·
1595 1084 1664 1126 ¹9⁵⁶

147 1147 234 1188 Nos
244 1148 292 1203 jn
313 1150 418 1190 bella
438 1163 528 1190 suos
548 1149 785 1189 fortissimus
803 1149 909 1191 ultor
929 1150 1104 1190 habebit.

146 1202 261 1244 Illius
280 1205 466 1258 auspiciis
485 1206 653 1253 obsessae
670 1205 823 1245 moenia
842 1219 982 1259 pacem

147 1259 268 1300 Victa
281 1269 421 1315 petent
440 1260 618 1301 Mutinae
636 1277 646 1302 ι
668 1260 872 1302 Pharsalia
886 1261 1031 1302 sentiet
1050 1262 1183 1314 illum,

1271 1127 1342 1167 legi,
1357 1134 1446 1166 atque
1455 1128 1567 1166 signavi
1579 1137 1663 1156 men-

1270 1175 1300 1198 te
1323 1177 1355 1197 ea
1370 1168 1470 1197 omnia
1482 1179 1549 1208 quae
1566 1169 1665 1207 generi

1271 1214 1321 1239 luo
1347 1214 1483 1239 eventura
1516 1214 1594 1245 sunl,
1632 1217 1663 1240 et

1270 1250 1402 1283 narrabo,
1435 1261 1474 1280 ne
1501 1251 1540 1280 sis
1568 1249 1665 1281 adhuc

1271 1293 1371 1322 nescia
1382 1291 1485 1321 futuri.
1522 1290 1595 1328 Hic,
1611 1302 1664 1322 cu-

1266 1333 1316 1373 jus
1331 1333 1419 1364 causa
1429 1333 1542 1363 solicita
1551 1343 1594 1370 es,
1606 1332 1666 1375 cy-

145 1368 258 1410 therea,
281 1371 406 1402 absolvit
433 1383 516 1403 suam
538 1379 668 1410 aetatem,
691 1373 800 1403 exactis
833 1374 1013 1414 annis·quos
1034 1373 1138 1404 debuit
1156 1377 1264 1413 terrae.
1316 1373 1365 1405 Tu
1387 1374 1447 1405 una
1478 1385 1546 1404 cum
1571 1386 1581 1404 ι
1604 1385 1665 1405 sms

145 1412 225 1450 filim
248 1415 300 1454 qui
315 1413 410 1444 haeres
426 1415 555 1444 nominis
569 1414 643 1445 feret
657 1415 770 1455 imperii
786 1414 1069 1446 administrationem
1091 1416 1146 1446 sil-i
1167 1414 1365 1453 commissam,
1387 1415 1512 1452 curabis,
1533 1423 1567 1446 ut
1614 1425 1666 1447 eus

146 1455 304 1485 meribatur
317 1456 404 1493 coelo,
419 1465 448 1486 et
460 1455 621 1486 honoretur
636 1457 666 1486 in
683 1457 817 1497 templis:
841 1464 870 1486 et
884 1458 934 1487 ille
946 1457 1049 1487 vindex
1082 1457 1299 1488 enerosissimus
1313 1458 1401 1499 patris
1415 1456 1564 1488 interfecti
1575 1456 1667 1488 habe-

146 1495 191 1527 bit
207 1507 259 1527 nos
272 1497 328 1527 sibi
344 1498 375 1526 in
386 1497 470 1527 bellis
472 1497 621 1536 faventes.
665 1496 750 1529 Muri
764 1499 892 1540 superati
907 1497 1040 1530 Mutinae
1053 1509 1072 1529 o
1094 1499 1206 1531 sidione
1220 1510 1327 1542 pressae
1341 1500 1403 1538 ejus
1414 1500 1550 1541 auspiciis
1564 1506 1666 1541 petent

148 1547 250 1586 pacem
263 1549 271 1568 ι
285 1537 431 1570 Pharsalia
441 1540 548 1571 sentiet
562 1539 658 1578 illum,

814 1739 818 1742 .
840 1701 981 1735 Nom-2

193 1780 265 1806 80⁵.
277 1776 406 1816 Atrida]
419 1777 566 1813 Μεηοῖαο,
577 1776 742 1817 AtreifiliO,
752 1786 818 1806 cum
829 1787 889 1816 quo

150 1826 323 1858 congressus
350 1817 430 1848 Paris
460 1818 657 1855 occubuisset,
696 1819 751 1847 nisi
780 1818 890 1849 auxilio

150 1857 287 1896 Veneris,
309 1870 375 1900 quae
397 1860 474 1890 nube
495 1861 590 1900 ipsum
613 1861 737 1901 operuit,
765 1867 890 1890 mortem

93 1904 100 1909 “
150 1899 320 1940 effugisset:
346 1909 377 1930 ut
393 1910 485 1931 narrat
500 1901 662 1938 Homerus,
676 1900 760 1931 Iliad.
776 1907 806 1931 3.

195 1945 264 1972 806.
278 1943 462 1982 Diomedeos]
476 1942 580 1973 AEneae
593 1944 681 1973 etiam
692 1953 745 1972 suo
755 1944 811 1972 nisi
823 1953 890 1973 suc-

151 1984 288 2014 currisset
301 1982 418 2022 Venus,
439 1984 601 2015 Diomedes
623 1985 707 2015 illum
725 1983 810 2014 facile
825 1994 891 2025 per-

151 2025 281 2062 emisset,
305 2025 448 2056 referente
476 2027 578 2056 eodem
601 2025 734 2057 Homero
758 2024 843 2056 Iliad.
861 2034 890 2056 5.

150 2076 277 2106 namque
302 2067 352 2097 ille
381 2066 463 2098 iuter'
477 2068 599 2098 Graecos
622 2067 679 2099 fuit
705 2067 887 2106 fortissimus,

151 2106 249 2148 Ulyssi
266 2110 425 2148 praesertim
439 2110 568 2140 amicitia
579 2111 763 2150 conjunctus.

194 2155 266 2183 807.
284 2149 420 2190 Genitor]
433 2151 563 2193 Jupiter.

194 2196 265 2221 808.
275 2191 429 2231 Sororum]
445 2191 616 2223 Parcarum:
628 2193 664 2223 de
676 2193 783 2233 quibus
793 2193 891 2233 supra.

195 2237 267 2262 810.
282 2233 452 2274 Talalaria]
471 2234 597 2264 Tabulas
608 2235 687 2276 ipsas
697 2245 792 2265 oeneas
802 2234 888 2264 intel-

135 2272 230 2314 -ligit,
255 2275 286 2304 in
309 2285 380 2315 quas
407 2275 602 2306 immutabilia
622 2275 748 2307 fatorum
771 2276 889 2306 decreta

152 2312 263 2353 Pam,
284 2314 368 2346 ‹Jovis
391 2317 506 2355 scribae,
535 2318 582 2359 (ut
602 2318 736 2349 nominat
757 2327 805 2347 eas
833 2316 889 2348 Ca-

151 2357 242 2397 pella)
259 2358 401 2389 referunt.

196 2403 268 2429 en.
285 2399 481 2441 Concursum]
506 2401 645 2432 Tom'trna
659 2399 811 2441 intelligit,
826 2401 891 2441 qui—

153 2439 209 2470 bus
222 2445 270 2471 aer
285 2451 344 2471 non
367 2444 526 2474 cuncutitur
542 2443 641 2480 modo,
663 2442 712 2472 sed
728 2443 810 2482 quasi
826 2453 892 2472 con·

155 2491 266 2512 currere
277 2482 400 2514 videtur.
443 2483 493 2515 Sic
508 2496 586 2526 saepe
598 2483 764 2515 Lucretius.

187 2527 270 2595 ιβιδ.
283 2523 360 2566 Sua]
377 2525 441 2557 Sila·
451 2526 553 2567 &sati-s
568 2527 729 2566 assignata,
747 2528 786 2556 56
799 2535 890 2556 annos

156 2574 196 2595 sci
210 2573 277 2596 icet.

199 2612 272 2637 818.
287 2607 426 2650 Templis]
452 2609 521 2640 Ncm
534 2610 620 2640 modb
634 2609 701 2641 Sen.
715 2609 802 2641 cons.
814 2610 840 2639 ei
851 2610 895 2639 cli-

156 2648 227 2678 m'na
241 2648 331 2679 simul
345 2655 431 2690 aeque
446 2651 576 2682 humana
590 2653 690 2682 omnia
703 2652 828 2688 decreta,
843 2657 895 2682 cml
936 2651 1053 2682 Cassius
1069 2652 1105 2682 ab

158 2700 190 2720 ιη.
204 2689 336 2722 Deorum
351 2701 516 2732 numerum,
537 2694 745 2726 decemmuium
760 2703 807 2725 are
821 2694 896 2724 rela-

921 2485 963 2515 ·in
989 2485 1053 2516 loco
1075 2484 1178 2522 fatcor,

933 1781 979 1806 tus
993 1780 1045 1812 est,
1059 1776 1109 1805 secl
1119 1780 1146 1805 et
1151 1776 1339 1817 persuasione
1348 1778 1430 1816 vulgi
1443 1789 1452 1807 .·
1475 1777 1669 1816 creditumque

932 1824 972 1848 est
986 1819 1100 1848 stellam
1116 1819 1263 1855 crinitam,
1276 1828 1404 1859 quoeper
1418 1823 1523 1860 septem
1537 1820 1595 1848 dies
1596 1818 1668 1857 ful-

932 1861 981 1896 sit,
997 1860 1084 1895 ludis,
1094 1870 1163 1898 qnos
1174 1861 1269 1900 primo
1279 1865 1450 1890 consecratos
1465 1862 1490 1890 ei
1504 1861 1593 1890 haeres
1605 1860 1669 1889 Au·

929 1906 1034 1941 gustus
1043 1902 1153 1938 edel-at,
1168 1902 1297 1931 Caesarie
1312 1912 1371 1932 esse
1380 1911 1510 1932 ammam
1521 1903 1553 1931 in
1565 1902 1667 1931 coelrem

931 1944 1055 1983 recepti;
1076 1950 1110 1973 ut
1125 1942 1213 1972 refert
1227 1941 1313 1973 Su'et.
1357 1943 1458 1983 Atque
1479 1942 1533 1973 hac
1548 1943 1584 1972 de
1599 1952 1667 1972 cau—

932 1985 964 2015 sa
979 1983 1156 2014 simulachro
1168 1985 1230 2024 ejus
1244 1985 1274 2014 in
1288 1985 1395 2014 vertice
1407 1985 1527 2023 additur
1539 1985 1633 2014 stella.

976 2032 1048 2058 819.
1064 2026 1176 2066 Natus]
1197 2026 1360 2066 Augustus,
1376 2036 1427 2067 per
1436 2026 1636 2068 adoptionem.

975 2074 1047 2099 820.
1080 2067 1225 2107 Coesique]
1258 2066 1338 2098 Belli
1367 2069 1485 2098 initium
1515 2076 1545 2098 et
1570 2076 1669 2102 causa,

931 2116 1088 2151 praetoeztus
1117 2110 1220 2140 saltem
1252 2109 1388 2139 avunculi
1425 2118 1535 2140 necem,
1558 2108 1670 2139 ulcisci.

933 2151 1017 2182 Suet.
1031 2158 1070 2182 10
1081 2149 1153 2192 Cap.
1169 2153 1217 2181 Au
1261 2160 1297 2180 st.

977 2199 1049 2224 823.
1061 2193 1102 2222 M
1103 2193 1208 2232 ulinae]
1219 2162 1258 2222 iii
1269 2193 1302 2222 ea
1314 2191 1420 2222 Gallice
1428 2191 1506 2222 Cisal
1529 2192 1587 2222 inae
1595 2191 1670 2222 urbe

930 2235 1091 2271 Antonius,
1112 2234 1236 2264 Caesaris
1255 2241 1432 2264 testamento
1468 2242 1600 2264 raeatum
1613 2233 1670 2264 sibi

930 2276 1086 2307 Octavium
1122 2276 1234 2313 furens,
1265 2274 1425 2306 Decimum
1484 2284 1582 2306 tutum
1610 2276 1672 2305 suis

931 2319 1060 2348 motibus
1075 2318 1260 2348 resistentem
1279 2317 1449 2348 obsidebat:
1474 2316 1563 2347 Illum
1578 2315 1671 2347 Octa·

932 2361 994 2390 vius
1008 2360 1150 2396 liberavit,
1161 2368 1248 2399 atque
1264 2359 1430 2390 Antonium
1443 2360 1542 2389 castris
1557 2360 1648 2388 exuit.

975 2401 1020 2432 lb.
1035 2401 1206 2441 Pharsalia]
1231 2399 1388 2441 Postquam
1401 2402 1533 2432 animum
1552 2402 1582 2429 in
1605 2408 1656 2470 [ἷξε

933 2451 978 2473 tes
992 2453 1096 2474 omnes
1116 2444 1234 2480 versavi,
1255 2443 1330 2473 nihil
1345 2443 1424 2473 aliud
1442 2443 1537 2473 videre
1552 2451 1599 2470 me
1635 2449 1671 2469 oc

1199 2487 1287 2526 quarn
1307 2495 1432 2515 errorem
1448 2493 1549 2514 eorum
1568 2489 1671 2512 aucto-

932 2537 1011 2565 rum,
1033 2528 1082 2568 qui
1107 2526 1278 2557 Pharsalum
1301 2525 1462 2558 Thessaliae
1482 2524 1597 2558 urbem,
1618 2522 1670 2553 ubi

932 2568 1078 2599 Caesarem
1088 2570 1164 2599 inter
1176 2576 1206 2599 et
1216 2567 1392 2609 Pompeium
1404 2568 1604 2607 depugnatum
1614 2573 1672 2599 est,

937 2620 1006 2642 cum
1021 2609 1121 2652 Philip
1143 2611 1167 2641 is
1185 2609 1321 2640 Thracia*
1344 2609 1395 2639 ubi
1420 2609 1488 2638 victi
1510 2605 1618 2636 Bruma
1640 2614 1672 2637 et

1168 2654 1245 2682 tavio
1259 2659 1289 2681 et
1304 2650 1450 2686 Antonio,
1460 2647 1670 2684 commertium

939 2695 1007 2732 nisi,
1019 2702 1051 2725 ut
1063 2699 1214 2736 poetarum
1226 2703 1289 2725 mos
1305 2699 1360 2730 est,
1372 2692 1479 2729 vicina,
1487 2690 1533 2721 vel
1541 2689 1672 2730 eju-dem
