1824 2991
197 121 274 159 128

186 203 325 240 trahitur;
349 211 379 234 et
399 214 436 235 ex
456 205 572 237 sublimi

185 250 248 275 aere
258 245 378 286 despicit
387 253 474 276 terras
487 247 574 287 longe

187 285 307 323 dissitas,
334 295 363 316 et
385 288 462 318 volat
487 300 574 329 super

682 119 727 163 P.
756 120 937 165 OVIDII
967 122 1210 166 NASONIS

591 207 751 259 Fertur;
771 219 812 251 et
829 226 881 252 ex
903 213 984 252 alto
999 212 1178 252 seductas
1198 211 1344 252 aethere
1364 212 1483 265 longe

592 264 806 318 Despectat
825 273 962 316 terras3
984 275 1192 320 totumque
1208 269 1430 321 supervolat
1445 268 1597 308 orbem.

185 334 278 357 totum
312 336 449 358 temtum
480 331 573 360 ambi·
588 319 669 359 Ter
686 321 837 374 gelidas
855 323 1011 372 Arctos,
1031 331 1090 362 ter
1110 321 1254 362 Cancri
1269 322 1430 362 brachia
1450 322 1568 372 vidit;
1599 323 1682 362 625

186 375 259 398 tum.
283 368 342 398 Ter
355 371 507 410 conspexit
520 371 573 401 fri·
589 375 708 429 Saepe
727 378 800 416 sub
820 391 994 427 occasus,
1014 392 1120 432 saepe
1140 386 1197 418 est
1212 379 1365 417 ablatus
1382 377 1422 418 in
1437 385 1558 418 ortus.

206 409 265 439 'das
280 420 367 445 ursas,
392 420 436 440 ter
451 412 572 442 lacertos

229 452 299 480 ucri.
336 450 420 492 Saepe
435 453 574 493 abreptus
587 430 762 485 Jamque
779 432 944 473 cadente
964 433 1028 474 die
1051 433 1192 473 veritus
1212 447 1252 472 se
1269 433 1428 473 credere
1449 432 1570 483 nocti,

183 500 227 521 m
240 492 294 521 sub
310 502 439 529 occaeus,
451 504 528 534 saepe
541 496 569 524 in
589 486 776 527 Constitit
791 487 988 542 Hesperio
1005 489 1134 542 regnis
1150 488 1323 528 Atlantis
1341 489 1381 528 in
1396 488 1513 537 orbe3

182 541 271 564 onus.
314 532 440 573 Jamque
461 535 507 565 ‘¹³²
522 546 571 565 ⁰⁰·
588 541 873 596 Exiguamque
892 544 991 598 petit
1011 544 1205 598 requiem,
1223 545 1318 584 dum
1341 543 1508 584 Lucifer
1525 543 1638 597 ignes

167 600 170 601 γ
182 573 298 604 cidente
310 584 444 604 metuens
454 586 484 605 se
491 587 570 606 com-

182 615 298 644 mittere
308 616 445 652 tenebris,
454 618 569 656 requie·
587 597 740 638 Evocet
754 599 939 649 Aurorae3

961 614 1097 639 currus
1118 601 1270 639 Aurora
1287 599 1460 639 diurnos.
1597 602 1683 638 630

182 656 269 685 vitiu
292 664 370 697 parte
393 658 469 687 orbis
491 660 569 688 occi·
589 652 672 693 Hic
690 653 901 694 hominum
923 662 1086 695 cunctos
1107 654 1260 707 ingenti
1277 668 1439 708 corpore
1454 663 1643 708 praestans

182 696 250 733 ‘¹¹³²’
265 699 360 737 '‘³3'OE
376 699 523 735 A¹¹³¹¹ti³³
540 708 568 729 ²¹
585 708 850 761 Iapetionides
870 711 980 750 A‘tlas
1000 711 1086 750 fuit,

205 739 286 767 uaerit
297 740 410 769 brevem
421 751 553 769 somnum

1146 710 1304 752 Ultima
1323 711 1439 750 tellus

200 788 272 809 onec
302 779 419 810 Lucifer
448 763 569 811 arcessa}
586 763 697 816 Rege
716 765 788 804 sub
809 765 884 805 hoc
905 775 944 804 et
963 774 1106 818 pontus
1122 766 1298 819 erat,qui
1319 766 1422 805 Solis
1440 765 1595 806 anhelis

173 819 280 850 iumen
296 821 432 856 Aurorae;
458 824 569 851 Aurora
586 818 763 871 AEquora
777 820 910 860 subdit
925 821 1049 874 equis,
1066 829 1106 859 et
1125 821 1248 860 fessos
1268 821 1417 874 excipit
1435 835 1541 860 axes.

180 871 279 891 currus
294 862 361 890 diei.
405 861 466 891 Hic
487 863 569 892 Atlas

180 900 273 942 Iapeti
303 902 377 931 filius
409 903 567 942 praecelluit

587 873 705 912 Mille
717 888 854 928 greges
867 875 940 925 illi,
952 875 1160 928 totidemq3
1171 883 1351 915 armenta
1363 889 1434 929 per
1442 876 1580 915 herbas
1598 879 1679 916 635

179 941 568 1014 omnibmhomi0111uspro-
585 928 805 970 Errabant:
828 938 867 970 et
886 931 1058 970 humum
1078 929 1226 970 vicinia
1247 932 1357 970 nulla
1377 931 1623 985 premebant.

179 984 297 1013 ceritate
317 986 454 1023 corporis.

177 1033 209 1053 ra
223 1032 352 1054 extrema
366 1033 397 1054 et
409 1036 485 1056 mare
498 1029 567 1057 ulti-

176 1075 270 1102 mum,
296 1067 375 1106 quod
398 1067 514 1106 subjicit
535 1078 567 1097 a·

524 996 567 1015 er·
583 984 772 1024 Arboreae
792 986 948 1026 frondes
968 1000 1064 1026 auro
1081 986 1260 1026 radiante
1279 986 1478 1038 nitentes,

585 1039 649 1079 Ex
668 1054 764 1080 auro
784 1054 925 1092 ramos,
945 1055 994 1081 ex
1013 1055 1109 1082 auro
1127 1055 1248 1095 poma
1268 1043 1471 1094 tegebant.

176 1116 249 1145 quas
263 1109 347 1146 equas
362 1107 437 1137 Solis
457 1108 565 1138 exhau-
583 1093 756 1148 Hospes,
776 1096 830 1136 ait
851 1097 1014 1137 Perseus
1035 1097 1108 1146 illi,
1128 1111 1196 1136 seu
1213 1097 1340 1150 gloria
1357 1097 1485 1151 tangit

176 1148 240 1184 “³⁵2
269 1156 300 1177 et
326 1150 434 1188 excipit
467 1160 566 1179 currus
581 1150 641 1189 Te
656 1151 811 1203 generis
829 1152 986 1205 magni:
1008 1152 1164 1206 generis
1185 1152 1286 1192 mihi
1305 1152 1465 1208 Jupiter
1484 1159 1648 1193 auctor:
1703 1162 1705 1164 '

174 1186 276 1224 lassos,
287 1188 343 1219 fuit
356 1191 410 1219 sub
421 1189 477 1220 hoc
487 1201 563 1231 rege.

175 1226 266 1259 Mille
277 1241 379 1271 greges
393 1239 423 1260 et
438 1232 562 1261 totidem

177 1279 310 1300 armenta
323 1272 365 1301 ini
386 1273 564 1313 vagabantur
583 1260 816 1314 Hospitium
843 1264 1064 1317 requiemq3
1083 1271 1189 1316 peto.

582 1205 674 1245 Sive
695 1220 734 1245 es
754 1207 917 1248 mirator
934 1222 1088 1257 rerum3
1111 1208 1305 1248 mirabere
1326 1216 1488 1248 nostras.

1247 1263 1411 1303 Memor
1426 1264 1495 1304 ille
1514 1212 1679 1304 νεωὸεῒιειιε

172 1321 226 1382 ffir
239 1313 372 1352 gramina
385 1325 391 1342 ²
416 1322 446 1343 et
468 1314 562 1343 ‘¹⁰¹¹OE
581 1315 705 1356 Sortis
717 1326 798 1357 erat
813 1318 992 1370 (Themis
1007 1319 1112 1358 hanc
1125 1318 1285 1358 dederat
1298 1318 1502 1360 Parnassia
1513 1317 1680 1370 sortem)

213 1352 276 1383 buit
291 1355 397 1384 vicinos
414 1355 464 1394 qui
480 1365 562 1384 terrae

171 1395 328 1435 quicquam
366 1396 452 1434 juxta
487 1396 563 1426 cole-

579 1370 771 1426 Tempus,
792 1374 898 1424 Atla,
914 1374 1061 1423 veniet,
1077 1381 1145 1416 tua
1165 1387 1243 1428 quo
1263 1374 1499 1427 spoliabitur
1517 1388 1614 1415 auro

143 1429 147 1433 '
171 1433 254 1464 bam.
310 1435 393 1466 Folia
426 1436 561 1467 arborum
579 1427 720 1478 Arbor,
748 1436 788 1468 et
808 1429 916 1470 hunc
936 1429 1082 1484 praedae
1101 1429 1267 1470 titulum
1293 1428 1396 1484 Jove
1416 1438 1531 1470 natus
1550 1430 1677 1470 habe-

171 1475 355 1516 splendentia
369 1488 438 1507 auso
453 1479 562 1508 mican-

170 1524 202 1546 te
227 1518 365 1558 tegebant
390 1529 490 1549 aureos
516 1530 561 1549 ra-

170 1568 247 1595 mos,
283 1568 313 1588 et
350 1571 435 1589 aurea
463 1570 559 1600 poma.

170 1597 300 1640 Hospes,
323 1601 474 1639 inquitilli
491 1600 560 1631 Per·

749 1483 820 1524 bit.

1594 1489 1677 1526 645

580 1537 626 1577 Id
646 1546 841 1589 metuens,
860 1539 995 1579 solidis
1014 1541 1193 1593 pomaria
1213 1541 1406 1580 clauserat
1424 1541 1537 1580 Atlas

169 1650 249 1676 aeus,
269 1650 322 1670 seu
336 1641 429 1681 gloria
443 1652 559 1682 magnae
571 1643 691 1682 originis
706 1651 735 1673 te
751 1651 859 1681 movet,
867 1642 985 1684 Jupiter
1000 1652 1046 1673 est
1053 1651 1155 1673 auctor
1163 1653 1237 1673 meae
1249 1643 1389 1682 originis;
1413 1652 1464 1672 seu
1479 1653 1510 1672 es
1524 1642 1679 1674 admirator

170 1690 266 1711 rerum
274 1689 433 1721 gestarum,
444 1683 629 1713 admiraberis
645 1693 756 1714 nostras
767 1695 773 1712 :
786 1695 871 1725 posco
882 1683 1043 1725 hospitium
1057 1691 1087 1714 et
1095 1686 1239 1724 quietem.
1283 1682 1338 1712 Ille
1352 1683 1554 1714 recordabatur
1564 1685 1678 1724 antiqui

169 1720 224 1752 fati
249 1722 328 1761 (nam
336 1722 458 1752 Themis
473 1722 601 1754 Parnassi
619 1723 675 1754 hoc
690 1725 784 1755 fatum
799 1726 974 1766 aperuerat).
1017 1725 1097 1761 Atla,
1118 1725 1178 1755 dies
1192 1725 1290 1760 aderit,
1314 1734 1373 1764 quo
1383 1724 1467 1754 arbor
1477 1731 1527 1754 tua
1541 1725 1679 1756 destitue-

169 1769 217 1794 tur
229 1773 316 1794 auro:
333 1771 364 1794 et
371 1765 447 1795 filius
456 1764 475 1795 J
478 1766 538 1795 ovis
548 1773 740 1806 consequetur
750 1767 863 1797 laudem
871 1768 954 1809 rapti.
969 1766 1053 1797 Atlas
1062 1766 1091 1796 id
1099 1777 1205 1807 pavens
1217 1766 1345 1807 pomaria
1353 1766 1481 1796 cinxerat
1489 1765 1578 1797 firmis
1588 1768 1680 1797 muris

832 1916 863 1947 N
865 1917 970 1949 OTAE.

209 1976 248 2001 ⁶2
254 1979 281 2002 5.
292 1971 425 2014 Gelidus]
439 1972 647 2016 Septentriones
655 1976 777 2016 gelido-3,
786 1975 823 2005 ad
830 1986 902 2016 quos

165 2011 209 2042 nol
226 2023 375 2054 nunquam
391 2025 532 2055 pervenit.

209 2054 280 2084 628.
303 2056 448 2096 Atlantis]
475 2057 534 2087 Hic
556 2057 614 2087 fuit
629 2057 712 2087 Atlas
732 2056 901 2088 Promethei

169 2093 267 2131 frater,
284 2095 377 2137 Iapeti
392 2098 480 2135 filius,
503 2110 552 2129 rex
566 2095 765 2135 Mmrhanizb,
780 2100 832 2139 qui
846 2099 902 2129 sibi

164 2136 182 2164 ὲ
207 2138 330 2175 quodam
357 2138 441 2169 «Iovis
468 2140 529 2170 filio
556 2141 677 2170 exitium
707 2141 860 2170 imminere
886 2141 903 2170 a

164 2175 309 2207 Themide
323 2181 464 2218 monitus,
479 2182 625 2212 neminem
639 2183 754 2222 prorsus
767 2181 896 2221 hospitio

163 2218 330 2259 accipiebat.
387 2221 476 2251 Hunc
504 2222 621 2262 objecto
646 2223 751 2263 clypeo¹
775 2221 898 2253 Perseus

162 2258 274 2288 aedibus
299 2262 432 2291 exclusus
461 2264 490 2292 in
520 2271 652 2294 montem
682 2266 816 2300 mutavit,
846 2265 897 2304 qui

164 2309 281 2340 propter
292 2301 476 2333 altitudinem
492 2306 597 2334 coelum
614 2307 790 2347 pertingere,
810 2314 898 2346 atque

161 2340 236 2370 adeo
261 2344 400 2373 sustinere
426 2346 570 2375 creditust
594 2346 650 2376 Cui
672 2347 778 2377 fabulae
801 2348 898 2377 locum

161 2380 241 2411 dedit
271 2393 365 2413 rerum
395 2385 662 2417 Asu-onomicarum
691 2390 807 2428 peritia,
840 2389 899 2429 qua

162 2422 244 2453 Atlas
259 2424 307 2454 iile
319 2426 465 2456 excelluit.

202 2463 250 2494 lb.
262 2466 382 2505 Regnis]
408 2466 443 2497 ln
457 2470 641 2508 appositione
657 2479 724 2498 cum
739 2472 814 2500 orbe.

203 2510 275 2538 629.
290 2507 372 2537 Dum
386 2508 518 2548 Luctfer]
536 2509 569 2539 ld
585 2521 639 2546 est,
651 2510 743 2539 donec
759 2512 819 2541 dies
829 2512 894 2541 illu-

161 2556 264 2577 eeeeat.
309 2547 361 2578 Est
388 2558 485 2579 amem
509 2549 628 2580 Lucifer
654 2550 775 2581 Veneris
797 2553 892 2590 stella,

160 2597 227 2628 quae
239 2589 332 2629 prima
345 2598 411 2630 poet
431 2592 500 2621 solis
514 2601 649 2622 occasum
663 2600 793 2633 apparet,
814 2600 892 2622 tum-

157 2638 216 2668 que
243 2630 348 2662 dicim:
374 2630 537 2674 Hesperus,
562 2632 667 2665 ultima
691 2634 753 2673 ejus
782 2642 889 2673 ortum,

944 1983 1032 2015 atque
1046 1975 1118 2005 adeo
1130 1976 1271 2005 Auroram
1286 1974 1492 2015 antegreditur,
1513 1973 1676 2015 diciturque
1708 2011 1712 2014 q

945 2015 1134 2056 Phosphorus
1147 2027 1199 2046 scu
1214 2016 1342 2046 Lucifer.

986 2062 1057 2088 632.
1081 2057 1282 2099 Iapetionides]
1307 2057 1394 2087 Atlas
1411 2055 1504 2096 Iapeti
1519 2056 1607 2093 filius,
1627 2060 1678 2086 rei

945 2098 1134 2129 Mauritaniae
1157 2099 1191 2128 ad
1213 2109 1354 2128 occanum
1376 2098 1542 2135 occiduum,
1565 2098 1617 2138 qui
1639 2097 1676 2127 ab

946 2140 996 2170 illo
1011 2140 1177 2170 Atlanticus
1191 2140 1306 2170 dicitur.

980 2180 1026 2211 Ib'.
1044 2182 1156 2211 Ultima
1168 2182 1265 2221 tellus]
1291 2179 1471 2210 Mauritania
1485 2189 1551 2210 cum
1563 2179 1676 2219 reliquo

940 2223 1104 2252 occidente.

982 2268 1053 2294 634.
1074 2263 1190 2303 Subdie]
1216 2263 1295 2297 Quia
1309 2263 1340 2292 in
1356 2261 1426 2292 illud
1438 2261 1482 2291 sol
1494 2270 1557 2290 sese
1572 2269 1675 2296 recon-

940 2305 1007 2336 dere
1022 2305 1144 2334 videtur.
1419 2334 1423 2336 ,

983 2349 1053 2376 638.
1064 2346 1168 2385 Poma]
1182 2345 1381 2386 Hesperidum,
1393 2353 1460 2382 quae
1469 2341 1594 2383 Hesperi
1605 2342 1674 2373 filiae

939 2388 1058 2419 fuerunt
1073 2387 1167 2418 fratris
1181 2387 1308 2417 Atlantis
1318 2408 1325 2420 ,
1349 2384 1436 2414 fuisse
1451 2394 1481 2414 et
1495 2393 1583 2425 poma
1598 2382 1674 2421 baec,
1735 2407 1738 2410 ,

940 2438 970 2460 ct
983 2428 1101 2460 hormm
1117 2429 1248 2469 plerique
1263 2426 1453 2456 tradiderunt.
1579 2465 1582 2468 Δ

981 2474 1053 2502 643.
1076 2469 1201 2508 Themis]
1234 2467 1309 2497 Coeli
1333 2475 1363 2496 et
1378 2465 1476 2496 Terrae
1491 2466 1562 2502 filia,
1583 2475 1673 2506 quam

935 2520 1003 2542 ante
1031 2511 1200 2552 Apollinem
1235 2507 1363 2549 Delphis
1398 2507 1513 2537 oracula
1538 2507 1673 2545 edidisse,

934 2553 1070 2594 quodque
1081 2551 1123 2581 fas
1134 2551 1221 2581 fucrit
1232 2551 1402 2591 praecepisse
1412 2549 1533 2579 fabulati
1543 2555 1631 2588 suut-
1648 2564 1666 2587 ‚4

976 2597 1047 2623 645.
1069 2593 1112 2622 Et
1124 2592 1214 2632 hunc]
1240 2590 1383 2621 Hercules
1404 2591 1474 2620 verb
1490 2589 1574 2623 ,Iovis
1594 2588 1672 2626 filiun

932 2644 1019 2676 poma
1033 2633 1083 2666 illa
1093 2635 1201 2676 rapuit,
1214 2641 1250 2664 ut
1261 2643 1297 2664 ex
1311 2632 1417 2664 sabulis
1432 2631 1627 2663 notissimum.
