1824 2991
607 141 1003 188 METAMORPH.
1034 142 1131 185 Lm.
1146 143 1239 185 XV.

145 234 248 277 Ossa
261 233 593 301 tegebathumus.
638 233 837 289 Jussaque
848 233 904 275 ibi
917 231 1071 274 moenia
1080 235 1184 273 terra
1200 237 1255 274 56

145 291 339 334 Condidit
349 307 361 344 ς
385 299 425 332 et
441 305 592 333 nomen
607 291 797 332 tumulati
816 290 937 332 traxit
962 290 1006 331 in
1025 290 1183 332 urbem.

109 352 114 355 ’
143 347 262 390 Talin
281 350 490 390 constabat
510 350 618 389 certa
635 347 852 404 primordia
869 348 980 388 fama

143 403 245 451 Esse
267 405 360 457 loci,
379 405 602 461 positaeque
615 405 725 445 Italis
744 404 786 444 in
806 403 952 444 finibus
968 403 1090 446 u‘rbis.

202 462 338 504 lI.Vir
353 462 429 503 fuit
441 462 510 511 hie
521 460 611 502 ortu
626 461 812 510 Samius3
833 460 901 501 sed
921 461 1078 514 fugerat
1095 460 1177 500 una
1196 459 1253 502 60
1270 482 1292 491 ··

142 517 201 561 Et
216 519 369 560 Samon
386 527 427 559 et
440 518 647 567 dominos3
668 517 842 572 odioque
861 516 1083 572 tyrannidis
1100 517 1194 557 exul

144 575 300 630 Sponte
318 583 417 615 erat.
466 574 598 630 Isque,
619 574 714 614 licet
735 574 832 615 coeli
849 573 1016 628 regione
1036 583 1223 625 remotos,

142 631 291 673 Mente
309 631 419 672 Deos
433 631 531 672 adiit
542 647 554 682 ;
576 640 628 682 et,
653 645 746 686 quae
763 639 904 671 natura
925 631 1099 684 negabat

146 687 304 729 Visibus
324 688 526 740 humanis,
550 688 677 729 oculis
696 702 744 728 ea
762 686 936 743 pectoris
953 687 1098 730 hausit.

1601 148 1685 187 439

1273 241 1338 262 orsa
1366 241 1439 264 tetra
1462 233 1614 266 amabat:
1644 245 1675 266 et

1272 275 1312 304 ibi
1383 277 1425 306 uit
1443 276 1545 307 urbem
1565 277 1596 307 in
1609 277 1674 308 ⁸010

1271 316 1307 346 ab
1355 318 1451 347 ercule
1465 319 1671 358 ρηεῆιιῑιοςεε

1271 368 1381 389 nomen
1421 360 1527 400 sepulti
1559 361 1670 392 addixit

1270 400 1347 431 urbi.
1391 400 1513 432 Certum
1537 411 1598 433 emt
1627 405 1672 434 in·

1269 443 1402 473 dubitata
1425 442 1501 474 sama
1524 444 1592 474 talia
1607 456 1669 476 esse

1270 485 1355 515 initia
1380 484 1450 521 lot-i,
1482 493 1570 525 atque
1591 487 1673 518 urbis

1269 526 1396 556 conditoe
1411 528 1441 557 in
1458 526 1566 558 fluibus
1582 527 1673 561 ltalia.

1312 567 1354 599 Π.
1381 567 1446 600 Illic
1472 570 1514 600 vir
1537 568 1594 600 suit
1620 569 1675 602 Sa-

1268 611 1346 641 mius
1366 612 1480 652 origine
1488 625 1497 648 ;
1521 611 1572 642 sed
1598 615 1676 653 pari-

1269 661 1312 682 ter
1323 654 1460 684 vitaverat
1473 659 1506 687 et
1517 651 1630 684 Samon
1642 663 1674 685 et

1196 690 1251 728 64
1270 703 1425 736 tyrannos:
1447 703 1538 736 atque
1548 696 1617 727 odio
1629 698 1676 727 in-

142 744 335 800 cumque
350 745 500 796 auium,
518 753 558 785 et
574 745 687 799 vigili
701 752 956 799 perspexerat
974 743 1113 784 omnia
1130 746 1229 784 cura
1241 759 1250 769 ·
1264 737 1354 776 jus‘ae
1371 738 1580 769 d0¹¹²³¹¹³¹⁵⁰¹¹¹⁵
1593 738 1674 770 *ΜΟ

1240 775 1251 795 ²
1269 786 1331 810 erat
1343 779 1496 822 profugus:
1507 789 1538 811 et
1552 781 1674 822 ingenio

140 801 191 842 In
210 801 603 845 mediumdiscenda
621 802 766 843 dabat:
787 809 1026 856 coetumque
1045 800 1253 852 silentum,
1269 822 1391 853 accessit
1403 823 1440 852 „d
1454 821 1537 853 Deos
1558 822 1676 856 dissitos

139 856 345 915 DIctaque
362 858 597 909 mirantum,
613 858 753 912 magni
768 858 988 913 primordia
1009 858 1166 909 mundi,

139 914 198 957 Et
218 911 351 956 rerum
369 929 519 966 causas,
539 923 579 955 et
598 915 696 970 quid
713 924 868 964 natura,
888 914 1080 957 docebat:

98 986 105 991 “
139 970 254 1015 Quid
269 971 400 1013 Deus:
419 972 528 1013 unde
544 971 654 1012 nives
669 988 680 1014 ε
697 986 789 1027 quae
804 970 988 1029 fulminis
1003 979 1105 1012 esset
1116 971 1251 1026 origo:

139 1027 315 1082 Jupiter,
330 1042 382 1068 an
402 1028 526 1081 venti,
543 1028 719 1070 discussa
735 1029 841 1069 nube
857 1036 1068 1069 tonarent:

140 1083 255 1128 Quid
274 1084 455 1140 quatere‘t
470 1093 605 1136 terras,
626 1087 706 1140 quii
721 1085 849 1126 sidera
868 1086 958 1139 lege
975 1092 1174 1136 mearent3

1268 863 1286 894 a
1297 863 1467 894 mortalibus
1481 865 1578 906 spatio
1587 865 1672 896 coeli:
1689 902 1695 905 ,

1268 915 1358 946 atque
1385 907 1572 948 investigavit
1601 918 1674 938 con-

1268 948 1462 989 templatione
1474 950 1594 986 mentis,
1605 959 1673 991 quae

1270 998 1375 1020 natura
1387 990 1553 1021 occultabat
1568 991 1604 1022 ab
1626 993 1672 1022 in-

1194 1030 1252 1079 70
1269 1032 1434 1074 telligentifi
1448 1032 1590 1082 humana.
1631 1032 1674 1064 Et

1270 1084 1422 1115 postquam
1429 1082 1550 1116 penitus
1560 1085 1673 1117 coguo-

110 1190 113 1192 .
139 1139 198 1184 Et
216 1142 486 1197 quodcunque
499 1143 606 1184 latet.
641 1142 880 1198 Primusque
899 1141 1092 1182 animalia
1103 1156 1252 1183 mensis
1269 1159 1339 1189 cura
1358 1159 1485 1196 assidua,
1507 1159 1673 1200 proferebat

140 1198 284 1239 Arcuit
298 1198 474 1253 imponi:
495 1199 650 1254 primus
663 1213 824 1254 quoque
837 1198 984 1239 talibus
1003 1212 1072 1239 ora

139 1252 275 1296 Docta
289 1255 455 1309 quidem
473 1255 604 1306 solvit,
623 1256 693 1296 sed
706 1270 790 1296 non
810 1263 851 1295 et
870 1255 1022 1296 credita
1040 1254 1183 1296 verbis.

140 1308 312 1363 Parcite,
325 1313 526 1364 mortales,
539 1311 710 1367 dapibus
729 1319 925 1353 temerare
941 1311 1124 1352 nefandis

139 1366 333 1423 Corpora.

139 1450 221 1481 nives
233 1458 442 1492 generarentur
453 1465 460 1488 ;
481 1462 549 1492 quae
561 1459 640 1482 esset
651 1461 739 1482 causa
753 1450 898 1488 fulminis,
911 1461 948 1481 an
971 1449 1105 1492 Jupiter,
1118 1462 1156 1482 an
1169 1453 1247 1482 venti
1260 1454 1387 1484 tonitrua
1397 1454 1508 1485 cierent
1518 1454 1599 1485 nube
1615 1455 1675 1485 dis·
1733 1460 1737 1462 ’

1268 1209 1305 1230 co
1327 1200 1472 1231 noscenda
1505 1201 1614 1242 palam,
1642 1211 1672 1232 et
1704 1232 1711 1239 ,

1269 1211 1417 1273 indicabat
1449 1243 1544 1275 turbae
1575 1245 1672 1276 tacitae

1194 1313 1219 1330 ,-
1268 1292 1356 1325 atque
1369 1286 1489 1316 miranti
1504 1285 1581 1316 dicta
1594 1287 1675 1327 prin-

1197 1330 1213 1362 (
1224 1316 1248 1354 5
1268 1327 1346 1368 cipia
1353 1328 1424 1358 vas'ti
1434 1327 1526 1365 orbis,
1535 1335 1565 1358 et
1574 1339 1676 1359 causas

393 1365 500 1410 Sunt
518 1370 679 1424 fruges:
699 1376 793 1410 sunt
813 1369 1057 1410 deducentia
1076 1382 1207 1410 ramos
1268 1379 1379 1405 rerum,
1405 1377 1435 1400 et
1459 1370 1532 1410 quid
1557 1379 1674 1408 natura,

1267 1411 1340 1452 quid
1362 1410 1448 1442 Deus
1475 1417 1567 1443 esset.-
1594 1412 1675 1444 unde

137 1493 236 1534 rupta,
250 1493 322 1533 quid
336 1502 508 1524 concuteret
519 1494 632 1529 solum;
655 1494 715 1534 qua
730 1493 795 1535 lege
809 1501 885 1524 astra
899 1501 1100 1531 moverentur;
1116 1503 1148 1524 et
1169 1495 1311 1535 quicquid
1325 1497 1436 1526 caetcris
1449 1497 1614 1526 hominibus
1626 1505 1673 1530 est

138 1534 337 1576 incognitum.
378 1535 477 1575 Atque
488 1536 514 1565 is
528 1536 641 1576 primus
656 1534 806 1577 prohibuit
820 1535 973 1566 admovere
986 1536 1149 1566 animantia
1162 1538 1283 1574 mensis,
1297 1539 1405 1574 primus
1420 1539 1539 1580 insuper
1555 1540 1671 1580 aperuit

138 1585 171 1606 os
184 1574 356 1616 hujusmodi
372 1577 493 1608 vocibus
508 1578 630 1608 eruditis
652 1577 784 1618 quidem,
800 1577 850 1608 sed
865 1588 924 1608 non
940 1578 1029 1608 etiam
1044 1577 1101 1608 fide
1115 1579 1256 1619 receptis:
1275 1578 1393 1619 Nolite,
1410 1579 1558 1619 homiues,
1574 1578 1671 1622 inqui-

138 1625 208 1648 nare
223 1621 345 1660 corpora
355 1618 451 1662 epulis
466 1619 608 1651 scelestis.
652 1619 731 1650 Sunt
743 1619 855 1662 fruges:
872 1626 940 1651 sunt
955 1630 1043 1668 poma
1058 1621 1207 1651 curvantia
1217 1631 1313 1653 ramos

831 1801 974 1836 NOTAE.

141 1915 159 1949 Δ
184 1881 236 1911 57.
250 1875 415 1917 Τιιηιιιίαιι]
453 1876 589 1908 Grolmzis
602 1877 619 1907 ὲ
633 1887 694 1918 quo
710 1876 780 1908 urbs
795 1876 883 1908 Croto

162 1919 220 1949 ictu
235 1926 291 1949 est.
709 1951 715 1953 „

185 1964 236 1991 60.
250 1960 286 1990 H
289 1960 331 2000 ic]
375 1960 506 1999 Crotoni,
519 1962 580 2002 quo
593 1972 626 1992 se
639 1961 767 1992 contulit
782 1959 884 1992 Numa

140 2000 317 2044 Pompilius,
333 2011 365 2032 ut
381 2003 574 2045 Pythagoram
590 2003 716 2034 audiret.

183 2043 231 2076 Ib.
242 2044 374 2085 Samius]
403 2046 496 2077 Samo
506 2044 592 2076 Icarii
605 2047 692 2076 maris
705 2045 800 2076 insula
811 2056 884 2076 con-

139 2091 186 2118 tra
198 2086 351 2128 Ephesum
366 2087 526 2119 oriundus:
554 2098 682 2130 namque
703 2099 738 2118 ea
753 2087 810 2118 fuit
827 2087 885 2130 Py-

138 2127 272 2170 ‹bagorae
287 2130 389 2169 patria.
431 2129 612 2171 Quanquam
625 2131 676 2161 alii
691 2131 785 2161 aliter.

142 2210 166 2243 S
181 2174 237 2201 61.
252 2171 409 2212 Dominos]
447 2171 553 2207 Qualis
574 2181 637 2204 erat
651 2172 818 2216 Polycrates
834 2172 883 2204 ille

167 2223 272 2244 nmtus.

184 2258 236 2285 66.
248 2254 410 2295 Silentt‘im]
443 2254 674 2296 Quinquennale
688 2256 778 2288 fuisse
792 2258 882 2289 silen-

141 2297 219 2329 tium
245 2297 262 2328 a
283 2296 449 2339 Pythagora
474 2297 625 2339 discipulis
648 2300 708 2330 suis
732 2301 884 2342 praescrip?

140 2345 214 2376 tum*
229 2339 400 2370 voluerunt:
423 2350 590 2381 quanquam
611 2341 691 2372 aliud
710 2343 786 2380 aliis,
805 2343 884 2374 aesti-

140 2381 220 2412 mua
243 2381 387 2423 cujusque
414 2382 543 2420 solertia,
574 2393 633 2422 non
658 2384 756 2415 minus
784 2392 884 2415 tamen

140 2422 254 2454 biennii
269 2423 358 2454 fuisse
373 2424 487 2465 scripsit
501 2424 628 2456 Gellius.

184 2469 236 2500 67.
251 2465 428 2506 Pn'nwrdt'a]
477 2465 566 2497 Unde
578 2472 671 2504 ortus,
685 2479 821 2510 quaenam
836 2469 882 2499 in-

141 2515 230 2548 nuper
241 2507 304 2547 ejus
317 2508 473 2539 elementa.
515 2508 566 2540 De
579 2511 688 2551 quibus
700 2509 827 2552 physici.

185 2552 236 2583 70.
255 2548 387 2591 Jupiter,
398 2561 437 2581 an
451 2551 544 2592 venti]
591 2552 653 2583 Alii
667 2554 747 2583 enim
766 2553 888 2585 Tonitm

144 2600 208 2621 esse
220 2591 302 2622 aiunt
315 2593 389 2622 aeris
411 2591 618 2625 vehementem
639 2596 814 2636 strepitum:
837 2597 887 2627 alii

143 2639 246 2664 autem
267 2635 452 2675 eruptionem
477 2637 635 2668 tremorum
661 2637 782 2668 effracta
809 2639 889 2670 nube

144 2685 213 2705 cum
226 2676 354 2706 maximo
368 2677 483 2718 impetu
494 2680 678 2719 coeuntium.

186 2722 238 2752 71.
254 2716 406 2758 Quateret]
441 2718 544 2760 Terrae
567 2730 673 2752 motus·
689 2732 724 2752 ex
745 2722 894 2754 subterra-

144 2760 208 2790 neis
223 2759 354 2796 flatibus,
380 2761 432 2801 qui
450 2759 533 2792 illius
546 2761 636 2794 lutera
651 2765 781 2805 pulsant,
795 2766 896 2796 volue-

146 2808 213 2833 runt
228 2802 386 2844 equidem:
410 2804 553 2836 caeterum
575 2805 702 2847 plurima
716 2814 785 2839 suut
799 2807 895 2838 adhuc

927 1878 958 1907 in
981 1875 1038 1908 hoc
1060 1885 1250 1919 argumento,
1271 1889 1340 1919 quae
1365 1878 1516 1920 prolixiori
1535 1880 1674 1923 disquisi-

926 1921 1010 1950 tione
1023 1920 1170 1962 indigent.

969 1961 1016 1992 Ib.
1031 1962 1181 2003 Mearm]
1221 1961 1256 1993 Id
1279 1970 1334 2001 est,
1350 1962 1429 1998 Quis
1444 1972 1475 1995 et
1491 1966 1588 2005 qualis
1601 1971 1673 1997 esset

928 2015 1028 2035 cursus
1041 2009 1206 2036 astrorum:
1229 2015 1357 2047 quorum
1380 2008 1516 2038 omnium
1540 2009 1674 2050 cognitio

925 2053 1040 2088 spectat
1053 2047 1090 2077 ad
1106 2046 1338 2079 mathematicos.
1413 2079 1418 2082 .

970 2094 1021 2124 7‘2.
1037 2088 1234 2131 Quodcunque
1255 2091 1340 2131 latet]
1389 2089 1504 2122 Ne.ita
1532 2093 1670 2133 accipias,

925 2132 1008 2171 quasi
1028 2132 1130 2162 omnia
1153 2143 1332 2174 cognoscere
1351 2143 1382 2163 se
1403 2131 1584 2175 Pythagoras
1605 2144 1675 2176 pro-

925 2173 1018 2204 fessus
1031 2175 1080 2205 sit.
1124 2173 1179 2205 Illa
1198 2178 1317 2209 tantum
1333 2175 1425 2206 intelli
1450 2176 1524 2206 enda
1537 2184 1607 2207 sunt
1620 2187 1673 2218 per

926 2216 1004 2246 istud
1020 2216 1230 2258 Quodcunque,
1254 2227 1322 2260 qum
1345 2218 1410 2259 ipse
1442 2217 1547 2249 ocebut
1561 2219 1672 2260 alioqui

925 2257 1097 2289 hominibus
1111 2260 1272 2300 incognita.

969 2300 1016 2332 Ib.
1032 2301 1131 2341 Latet]
1178 2301 1225 2333 Ex
1240 2312 1277 2332 eo
1298 2301 1378 2342 quod
1392 2302 1493 2334 abdita
1513 2309 1626 2333 naturae
1642 2304 1673 2334 in

926 2342 1024 2373 lucem
1051 2342 1192 2384 proferret
1224 2342 1416 2386 Pythagoras,
1446 2346 1478 2375 in
1506 2351 1589 2375 tanto
1617 2344 1675 2376 suit

927 2383 1052 2422 honore,
1074 2392 1108 2414 ut
1128 2384 1189 2416 Dei
1211 2396 1311 2417 vocem
1335 2386 1436 2417 audire
1460 2387 1594 2428 discipuli
1615 2379 1678 2426 ejus

924 2428 1137 2457 existimarent.
1179 2428 1280 2468 Atque
1302 2429 1416 2459 etiamsi
1448 2429 1558 2459 nullam
1582 2429 1678 2459 dicto-

926 2479 990 2499 rum
1006 2470 1148 2500 rationem
1169 2470 1352 2507 reddidisset,
1375 2472 1530 2502 maximam
1554 2469 1678 2500 adhibe-

927 2519 991 2541 rent
1002 2510 1107 2548 fidem;
1131 2514 1286 2554 rogatique
1299 2512 1421 2553 alicujus
1435 2514 1507 2543 dicti
1521 2513 1678 2550 rationem,

930 2553 1154 2594 responderent,
1170 2555 1260 2590 Αὐτὸς
1275 2554 1342 2596 ἔφη,
1360 2555 1422 2597 ipse
1438 2556 1524 2585 dixit.

973 2597 1168 2637 75..Parciee]
1217 2597 1293 2628 Hoec
1314 2599 1406 2628 oratio
1429 2607 1464 2626 cx
1491 2594 1678 2636 Empedocle

931 2639 983 2679 qui
1017 2636 1193 2681 Pythagorae
1221 2640 1360 2682 dogmata
1388 2638 1529 2669 carminib
1550 2648 1566 2667 s
1594 2647 1677 2668 com-

932 2680 1035 2723 plexus
1047 2689 1104 2720 est,
1119 2682 1234 2714 videtur
1249 2692 1312 2713 esse
1322 2681 1487 2722 desumpta.
1561 2679 1600 2711 id.
1613 2689 1680 2710 ora-

935 2723 1034 2753 tiones
1042 2723 1113 2755 duas
1128 2725 1198 2767 Περὶ
1213 2724 1426 2766 §apuam-flac,
1442 2733 1508 2765 qur:
1520 2720 1682 2755 Plutarcho

936 2766 1133 2799 ascribuntur.

1222 1142 1232 1151 ,
1269 1124 1348 1146 verat
1375 1119 1476 1147 omnia
1501 1126 1610 1155 mente,
1640 1125 1671 1149 et
1728 1135 1732 1137 ·
