1824 2991
618 157 1012 201 METAMORPH.
1041 159 1138 202 Lm..
1169 160 1225 201 Il.

1619 168 1675 215 67

165 249 270 293 Risit
283 247 557 290 Atlantiades:
591 254 644 297 et,
659 247 734 288 Me
753 246 868 298 mihi,
887 246 1050 301 perfide,
1061 246 1221 301 prodis?
1286 245 1361 277 Risit
1377 248 1570 288 Atlantiades,
1585 260 1614 281 ct
1631 253 1676 282 in-

163 305 238 348 Me
248 305 350 346 m'ihi
360 303 513 359 prodis?
526 303 599 345 ait:
618 302 861 368 i’erjuraque
874 310 1037 358 pectora
1050 303 1166 343 vert'rt
1181 303 1264 353 705

1284 289 1360 328 quit,
1392 289 1490 321 prodis
1516 302 1562 322 me
1586 293 1673 331 mthi,

1284 330 1411 370 perfide?
1423 331 1574 364 Prodisrne
1583 333 1672 365 mihi?

161 361 211 402 In
226 361 371 403 durum
383 360 557 402 silicem:
573 374 644 414 qut
658 373 768 400 nunc
783 373 942 414 quoque
959 359 1107 400 dicitur
1122 358 1270 401 Index:
1284 379 1313 400 et
1325 375 1446 402 mutavit
1460 384 1511 403 cor
1526 377 1673 415 perjurum

161 416 291 472 Inque
310 417 414 459 nihil
434 416 577 458 merito
596 424 708 456 vetus
724 423 783 456 est
801 414 967 456 infamia
986 429 1095 456 saxo.

218 473 317 515 XII.
338 473 453 514 Hinc
471 486 514 513 se
533 473 742 514 sustulerat
760 469 920 526 paribus
940 471 1142 512 caducifer
1161 471 1247 522 alis,

1284 413 1314 443 in
1330 414 1456 454 rigidum
1475 416 1673 456 lapidetn,qui

1283 465 1362 484 nunc
1385 457 1473 485 etiam
1491 467 1609 488 vocatur
1625 458 1675 488 ln-

1283 496 1353 532 dex3
1379 505 1407 526 et
1430 498 1554 528 dedecus
1577 508 1619 528 cst
1643 502 1672 530 in

159 529 487 584 Munychiosque
506 529 642 569 volans
661 541 789 581 agros,
809 535 1044 587 gratamque
1064 527 1265 568 Minervae
1283 538 1377 585 lapide
1394 540 1445 587 ‘³¹3³
1463 538 1536 570 nihil
1559 541 1673 571 dedeco-

157 583 430 640 Despectabat
442 585 628 634 humum,
645 579 823 638 cultique
838 585 996 625 arbusta
1007 582 1161 638 Lycaei.
1182 585 1266 634 710
1283 590 1324 610 ΠΣ
1336 588 1453 610 menm-

158 635 236 682 Ill-<⁶2
255 642 356 682 forte
376 641 441 682 die
464 648 582 681 castae
602 641 651 681 de
665 654 776 681 more
794 641 956 693 puellae,

159 696 322 738 Vertice
335 697 554 752 supposito,
573 697 690 737 festas
706 695 748 736 in
766 696 936 736 Palladis
951 708 1060 736 arces

159 752 265 794 Pura
284 753 480 794 coronatis
498 753 709 807 portabant
727 750 842 792 sacra'
857 751 1049 792 canistris,

159 808 262 850 Inde
277 817 517 850 revertentes
531 808 645 849 Deus
661 807 803 862 aspicit
823 809 902 848 ales
921 824 931 849 :
962 808 1116 862 iterque

1326 619 1402 654 ΧΠ.
1413 621 1568 653 Caducifer
1583 634 1614 653 se
1627 625 1672 654 in-

1283 661 1319 691 de
1332 663 1506 694 subduxerat
1513 665 1566 694 alis
1573 676 1672 705 aequa-

1283 703 1371 740 libus,
1385 706 1455 735 etiis
1471 706 1590 736 libratus
1602 717 1672 737 con-

1284 746 1547 782 templabaturarva
1558 747 1671 790 Muny-

1283 786 1360 823 chia,
1383 796 1413 818 et
1436 798 1540 819 terram
1567 799 1671 830 accep-

1282 835 1342 858 tam
1361 827 1481 866 Palladi,
1502 840 1531 860 ct
1554 832 1671 861 arbusta.

161 863 258 905 Non
286 865 370 919 agit
401 865 443 905 in
469 873 647 914 rectum;
676 865 743 904 sed
767 864 808 904 'tn
839 865 976 904 orben]
1000 872 1136 905 curvat
1162 879 1263 905 eun·
1282 869 1473 911 cuhiLycaei.
1515 871 1601 903 Forte
1617 874 1673 903 vir-

388 921 481 961 dem
495 935 507 969 ;

162 975 220 1016 Ut
235 975 403 1016 volucris
423 976 513 1016 visis
528 973 774 1028 rapidissima
796 973 943 1014 miluiis
961 974 1075 1025 extis,

158 1031 274 1072 Dum
294 1031 424 1081 timet,
439 1039 479 1071 et
498 1031 609 1070 densi
627 1030 887 1069 circumstant
901 1044 1011 1070 sacra
1032 1031 1215 1083 ministri,

159 1086 357 1138 Flectitur
375 1086 416 1126 in
433 1100 575 1140 gyrum
592 1102 600 1126 :
633 1098 707 1124 nec
729 1084 885 1138 longius
901 1086 1019 1125 audet
1039 1087 1148 1126 abire
1166 1103 1177 1129 ε

159 1142 364 1196 Spemque
383 1155 497 1182 suam
518 1140 637 1181 motis
652 1140 789 1181 avidus
810 1140 1073 1181 circumvolat
1092 1142 1177 1183 alis.

158 1197 228 1238 Sic
239 1211 358 1253 super
372 1198 529 1238 Actaeas
547 1196 662 1250 agilis
683 1195 888 1250 Cyllenius
907 1210 1016 1238 arces

155 1254 332 1305 Inclinat
351 1267 510 1295 cursus:
540 1261 581 1294 et
599 1253 759 1293 easdem
779 1253 947 1294 circinat
966 1268 1092 1295 auras.

157 1309 322 1355 Quanto
335 1309 592 1364 splendidior,
613 1310 735 1363 quam
757 1317 902 1350 caetera
915 1309 1043 1351 sidera
1062 1312 1190 1366 fulget

154 1365 351 1416 L'ucifer3
382 1374 423 1407 et
443 1366 605 1420 quanto,
625 1376 680 1416 te,
693 1366 874 1416 Lucifer,
894 1380 1012 1406 aurea
1033 1366 1188 1409 Phoebe
1199 1385 1212 1420 ς

155 1422 288 1463 Tanto
309 1422 528 1476 virginibus
547 1421 799 1477 praestantior
816 1423 1003 1463 omnibus
1020 1422 1150 1465 Herse

1181 923 1262 971 715
1280 912 1364 951 gines
1392 913 1506 952 pudicae
1539 914 1672 944 ferebant

1281 953 1316 981 de
1335 964 1415 983 inore
1437 965 1515 984 sacra
1536 966 1606 995 pura
1622 967 1671 986 ca-

1282 1004 1378 1023 msirts
1393 1005 1539 1035 coronatis
1554 1008 1583 1026 in
1596 1005 1671 1029 tem-

1280 1036 1327 1075 pla
1339 1034 1594 1078 Minervae,capite
1602 1050 1669 1079 sup-

1279 1078 1385 1116 posito.
1428 1077 1511 1108 Deus
1525 1079 1617 1109 alatus
1628 1082 1670 1110 vi-

1279 1117 1328 1146 det
1352 1118 1506 1148 redeuntes
1532 1121 1610 1156 inde,
1637 1129 1669 1152 et

1279 1168 1339 1199 non
1365 1159 1465 1199 dii-igit
1494 1162 1550 1191 iter
1572 1163 1668 1199 recta;

1179 1200 1264 1249 720
1279 1200 1329 1229 sed
1359 1200 1452 1231 flectit
1481 1202 1511 1231 in
1541 1204 1668 1234 eundem

1279 1241 1436 1278 circulum3
1481 1245 1670 1283 quemadmo-

1279 1283 1349 1313 dum
1362 1284 1466 1314 milvus
1477 1286 1535 1314 avis
1547 1287 1669 1317 velocis·

1278 1325 1363 1362 sima,
1393 1327 1560 1366 praecordiis
1589 1329 1668 1365 visis,

1278 1366 1347 1396 dum
1365 1368 1481 1407 metuit,
1497 1376 1527 1398 et
1543 1370 1668 1400 ministri

1278 1407 1400 1438 conferti
1433 1409 1539 1440 adsunt
1570 1413 1668 1449 sacris,

1278 1458 1409 1481 movetur
1416 1451 1444 1480 in
1453 1452 1563 1489 orbem,
1571 1464 1667 1494 neque

155 1478 256 1519 Ibat:
271 1486 433 1534 eratque
441 1478 562 1519 decus
571 1492 746 1533 pompae,
753 1478 1258 1538 comitumq;suarun1.725
1277 1491 1365 1526 auden
1378 1492 1492 1533 iungitis
1505 1494 1664 1524 discedere:

1277 1540 1306 1571 et
1351 1544 1436 1574 rapax
1479 1535 1666 1567 circumvolat

157 1575 240 1607 spem
254 1576 335 1596 suam
347 1564 400 1596 alis
412 1567 538 1608 agitatis.
580 1565 627 1596 Eo
640 1566 728 1597 modo
744 1567 826 1597 velox
841 1567 990 1608 Cyllenius
1005 1568 1102 1609 dirigit
1117 1571 1243 1601 volatum
1258 1584 1345 1614 super
1355 1585 1434 1605 arces
1448 1575 1646 1607 Athenienses
1657 1592 1665 1614 3

157 1616 187 1637 et
197 1607 281 1638 orbes
294 1607 432 1639 describit

468 1619 498 1638 er
509 1607 634 1638 eundem
647 1610 720 1638 aeris
734 1615 867 1640 tractum.
912 1608 1034 1643 Quanto
1049 1609 1170 1642 Lucifer
1181 1613 1314 1653 splendet
1327 1616 1447 1647 lucidior
1457 1618 1543 1657 quain
1557 1620 1664 1659 reliqua
1678 1614 1682 1618 ⁴

155 1656 231 1680 astra
241 1673 249 1686 ‚
272 1658 303 1679 et
318 1650 428 1690 quanto
439 1619 526 1680 Eune
536 1650 685 1690 splendida
698 1651 821 1680 lucidior
834 1656 873 1680 est
889 1658 930 1687 te,
945 1653 964 1681 ό
978 1650 1109 1689 Lucifer,
1122 1656 1205 1685 tanto
1218 1654 1312 1687 Herse
1324 1657 1472 1698 pulchrior
1487 1662 1598 1690 caeteris
1611 1672 1665 1701 pu:-

156 1690 220 1722 ellis
233 1691 400 1723 ambulabat
414 1699 444 1722 et
458 1698 519 1722 erat
534 1691 629 1722 honor
643 1701 771 1734 pompae,
788 1701 818 1722 et
832 1693 974 1723 comitum
989 1704 1118 1724 suarum.

838 1796 978 1829 NOTAE.

198 1859 271 1889 706.
293 1853 396 1894 Index]
413 1852 477 1884 Viae
492 1862 522 1884 et
535 1854 713 1891 milliarium,
729 1856 890 1892 autetiam,

156 1902 190 1926 ut
198 1895 372 1935 quibusdam
379 1896 487 1932 visum,
494 1896 691 1926 metallorum:
704 1895 889 1926 metallorum

155 1937 244 1967 index
258 1938 335 1977 lapis
342 1938 459 1978 Lydius
472 1938 531 1966 sive
546 1937 701 1968 Heraclius
711 1938 825 1968 dicitur.

196 1983 269 2013 708.
283 1977 454 2018 Coche-{fer}
466 1978 634 2009 Mercurius
644 1986 700 2015 est,
715 1979 888 2016 caduceum,

152 2029 205 2049 seu
219 2020 327 2061 virgam
342 2019 450 2050 alatam
469 2030 559 2051 manu
580 2028 683 2051 tenens
698 2020 812 2052 duobus
832 2021 888 2051 im-

151 2060 284 2102 plicitam
293 2060 487 2102 serpentibus.
686 2069 699 2074 “

195 2108 268 2137 709.
288 2102 483 2144 Munychias]
506 2103 628 2141 Atticos,
643 2104 729 2143 juxta
753 2103 888 2134 Athenas

151 2144 229 2174 inter
253 2136 405 2184 Pyr-cneum
421 2152 461 2174 'et
481 2143 610 2174 Sunium
634 2147 847 2185 promontoria;
871 2147 888 2176 a

150 2187 353 2226 promontorio
378 2184 543 2226 Monychia
565 2187 607 2216 sic
626 2187 730 2220 dictos.
773 2186 885 2228 Muny-

149 2226 219 2257 chia
232 2227 310 2258 dicta
324 2235 369 2258 eet
384 2227 402 2257 ὲ
416 2225 499 2257 Mun
519 2226 598 2264 chio,
613 2229 663 2269 qui
678 2223 719 2259 ibi
739 2229 884 2270 templum

150 2266 326 2309 Munychiae
341 2268 449 2299 Dianoe
509 2269 516 2276 ‘
542 2270 626 2298 cavit.

192 2315 265 2345 710.
287 2309 438 2350 Humum]
461 2309 513 2340 De
540 2310 641 2340 iisdem
671 2311 781 2343 Atticis
807 2313 884 2353 agris

149 2351 160 2382 l
199 2352 289 2388 uitur,
301 2360 351 2382 aut
358 2351 499 2389 Athenis,
511 2349 656 2382 Minervae
670 2353 740 2384 olim
755 2355 850 2384 sacris.

171 2433 202 2465 'b
231 2414 240 2423 .
256 2393 353 2435 Culex]
370 2392 490 2426 Exculti
500 2394 699 2425 Aristotelieis
713 2395 886 2437 disputatio-

149 2445 182 2465 m
202 2445 248 2465 us.

190 2475 238 2506 lb.
261 2477 287 2507 L
313 2476 385 2517 αεὶ]
410 2475 480 2508 Fuit
502 2475 626 2518 Lycaeus
650 2477 730 2511 locus
752 2489 885 2509 amoenus

145 2517 232 2556 juxta
252 2487 397 2556 Atzenas,
418 2518 436 2548 ὃ
462 2517 554 2559 Lyco,
575 2518 734 2550 Pandionis
758 2519 887 2550 Atheni-

150 2559 263 2589 ensium
284 2561 360 2601 regis
384 2560 456 2597 filio,
481 2562 522 2590 sic
550 2561 645 2591 dietus
655 2575 662 2598 ;
701 2561 753 2592 ubi
782 2562 887 2592 deinde

149 2597 342 2632 Athenienses
357 2603 541 2645 gymnasium
556 2603 760 2639 condiderunt,
776 2605 805 2633 iu
820 2615 880 2676 <piro

976 1860 1048 1889 711.
1069 1855 1130 1886 Ilm
1141 1857 1237 1898 forle]
1285 1859 1319 1890 In
1336 1862 1526 1892 celeberrimo
1542 1862 1665 1893 Faunus

931 1896 1019 1933 festo,
1030 1897 1077 1926 cui
1089 1896 1158 1928 hinc
1172 1909 1278 1930 nomen
1297 1904 1466 1943 Κανηφόρια,
1477 1906 1599 1945 virgines
1614 1917 1666 1934 no-

931 1937 1004 1968 biles
1014 1946 1044 1968 et
1053 1939 1170 1970 nubiles
1179 1943 1301 1972 canistra
1311 1943 1442 1974 ferebant
1453 1945 1542 1982 Deae,
1558 1948 1586 1976 in
1599 1949 1664 1986 qui-

930 1980 985 2010 bus
1007 1980 1120 2011 inerant
1143 1992 1188 2019 ea,
1208 1994 1274 2023 quae
1288 1985 1323 2014 ad
1338 1984 1612 2024 Panathenaeorum,
1635 1998 1665 2018 et

931 2022 1053 2052 aliarum
1069 2032 1240 2064 pomparum
1252 2036 1329 2056 sacra
1339 2029 1530 2068 pertinebant.
1545 2030 1663 2060 suidas.

930 2062 997 2093 Nec
1007 2073 1066 2094 non
1076 2062 1438 2110 CererisThesmophoriis
1447 2070 1566 2111 aliisque
1575 2074 1663 2113 orgiis

930 2115 991 2136 suae
1006 2106 1173 2146 Καιηφόροι.

973 2152 1044 2180 718.
1055 2146 1219 2189 coronatis]
1230 2149 1255 2179 C
1257 2150 1353 2181 orollis
1362 2153 1502 2193 sertisque
1511 2154 1663 2184 redimitis.

970 2187 1130 2229 Ib.Sacra]
1147 2189 1340 2233 Quaecunque
1356 2194 1392 2224 ad
1406 2205 1485 2224 sacra
1499 2197 1662 2237 peragenda

926 2230 1107 2271 spectabant.
1132 2233 1134 2235 ’

969 2277 983 2305 7
993 2278 1039 2301 15,
1056 2271 1090 2301 In
1101 2273 1206 2313 orl-em]
1227 2273 1271 2309 Ut
1284 2274 1390 2306 Herses
1403 2286 1507 2307 amatae
1521 2279 1582 2308 visu
1598 2279 1660 2308 diu-

926 2314 984 2343 tius
999 2312 1055 2343 frui
1069 2313 1180 2345 liceret.

972 2361 1042 2389 717.
1055 2354 1160 2396 Timet]
1179 2357 1209 2386 Ῑη
1223 2362 1287 2387 Μία
1302 2358 1485 2389 victimarum
1493 2370 1549 2390 non
1561 2363 1657 2395 auda,

927 2397 1178 2428 circumstantibus
1191 2399 1340 2436 ministris,
1357 2401 1473 2431 irruere.

972 2444 1041 2472 719.
1055 2437 1156 2479 Spem]
1177 2438 1233 2470 Pro
1247 2452 1276 2470 re
1288 2442 1405 2482 vsperat&
1422 2443 1530 2482 posuit,
1554 2453 1657 2483 nempe

927 2479 1108 2510 victimarum
1124 2483 1206 2519 extis,
1223 2483 1328 2523 quibus
1345 2482 1437 2513 inhiat
1454 2484 1564 2513 milvus.

973 2527 1042 2555 720.
1069 2520 1232 2563 Cyllenius]
1258 2525 1422 2555 Mercurius
1436 2534 1490 2561 cst,
1507 2526 1523 2554 it
1537 2524 1656 2564 Cyllene

928 2562 1059 2595 Arcadiae
1074 2572 1186 2602 monte,
1202 2566 1250 2595 ubi
1264 2566 1412 2601 educatus,
1425 2567 1464 2595 sic
1478 2567 1579 2595 dictus.

965 2611 1038 2639 724.
1061 2606 1164 2646 Herse]
1200 2607 1337 2647 Cecropis
1360 2607 1415 2637 fuit
1439 2607 1507 2643 filia,
1533 2605 1656 2648 Cephali

149 2646 181 2668 et
207 2639 393 2675 deambulans
428 2644 598 2676 Aristoteles
627 2645 662 2675 de
696 2646 831 2687 philosop
855 2647 881 2676 ia
922 2655 1026 2684 meter,
1041 2657 1073 2678 ut
1086 2648 1178 2688 placet
1195 2649 1384 2690 Apollo-loro-

149 2681 316 2723 disputavit.

967 2695 1037 2722 525.
1051 2689 1181 2731 Pompae]
1207 2690 1242 2721 111
1259 2692 1333 2720 sesto
1349 2688 1502 2719 Minervae.
1528 2677 1533 2680 Ι

1134 2743 1156 2769 F
1179 2738 1202 2770 2
