1824 2991
183 100 251 141 viii

174 190 318 230 Annus
340 189 380 230 in
397 195 566 243 quatuor
585 197 713 244 partes

175 245 362 291 Quatuor
383 245 556 285 hominis
573 257 708 287 aetates

175 301 343 354 Spcrma
365 302 537 342 hominis
559 302 597 341 iu
622 302 830 344 hominem

173 357 236 398 Ex
257 367 426 412 quatuor
439 358 649 398 elementis
669 360 805 400 omnia
821 359 906 401 fieri

880 423 907 457 4

173 469 324 509 Omnia
346 470 385 510 in
417 478 584 524 quatuor
614 471 815 512 elementa
842 487 905 513 re-

228 527 326 565 solvi

128 600 132 604 ·
168 581 292 621 Terra
314 583 354 622 in
380 596 486 622 marc

167 636 226 677 M
220 652 284 677 are
302 638 341 677 in
362 648 505 679 terram

169 693 277 734 Mira
301 694 397 747 Lyci
416 694 593 736 fluminis
614 703 753 738 natura

168 747 272 789 Eris
244 764 350 790 inus
372 751 513 791 fluvius

169 805 324 859 Cajcus
347 807 491 846 fluvius

168 863 392 902 Amasenus
412 862 554 904 fluvius

167 918 343 970 Anigrus
365 919 504 958 fluvius

169 972 372 1027 Hippanis
394 975 537 1015 fluvius

166 1028 314 1069 Insulae
335 1030 376 1070 iu
398 1031 673 1072 continentem
851 1037 896 1072 ll

163 1083 230 1125 Ex
253 1086 473 1126 continenti
497 1087 636 1127 insulae
852 1093 901 1128 12

166 1140 315 1182 Helice
337 1143 523 1197 Buraque
548 1145 663 1184 urbes
686 1145 903 1186 submersae

875 702 902 961 Qoexlczm

854 981 902 1027 ¹0

164 1253 233 1294 Ex
255 1254 421 1307 planitie
441 1264 597 1297 montes
849 1262 900 1297 14

164 1309 320 1349 Crathis
342 1321 380 1350 et
407 1312 565 1365 Sybaris
585 1312 694 1353 fluvii
850 1318 900 1353 18

164 1365 402 1407 Salmacidis
425 1369 542 1408 fontis
563 1378 702 1409 natura
850 1373 898 1409 19

844 1430 902 1467 20

843 1485 893 1521 21

841 1541 897 1578 22

160 1422 381 1476 AEthiopiae
401 1425 511 1463 lacus

163 1478 320 1518 Clitorii
339 1479 449 1519 fluvii
468 1488 607 1521 natura

163 1535 386 1588 Lyncestus
403 1536 545 1576 fluvius

161 1590 347 1632 Arcadiae
367 1593 474 1631 lacus
841 1597 894 1633 23

162 1647 261 1700 Ort)
264 1647 330 1697 gia
351 1647 480 1687 insula
496 1648 716 1689 immobilis
841 1653 896 1701 24

163 1701 450 1756 Symplegades
473 1704 614 1745 insulae
644 1705 744 1745 olim
774 1704 895 1746 insta-

216 1759 316 1798 biles

161 1813 297 1855 AEtnae
315 1814 461 1854 montis
478 1815 710 1856 incendium

163 1869 365 1910 Homines
382 1871 422 1910 in
438 1885 528 1911 aves

163 1925 366 1978 Scythicae
383 1927 570 1969 mulieres
590 1929 631 1971 in
651 1944 740 1971 aves

163 1982 271 2036 Apes
288 1996 335 2023 ex
357 1982 488 2024 vitulis

841 1821 895 1859 25

841 1877 895 1913 26

841 1933 896 1978 27

842 1989 897 2026 28

843 104 1044 146 INDEX.

962 193 1187 233 Crabiones
1208 208 1256 236 ex
1276 197 1386 251 equis
1642 204 1697 242 29

960 249 1150 302 Scorpius
1169 264 1216 290 ex
1239 266 1384 293 canoro
1640 262 1696 298 30

958 304 1007 344 ’1“
999 319 1099 344 meae
1115 318 1285 369 agrestes
1307 308 1346 348 in
1369 309 1590 364 papiliones
1637 317 1690 353 31

960 360 1006 399 L
998 375 1102 400 imus
1124 362 1165 401 in
1187 376 1298 402 ranas
1600 412 1602 415 y
1637 372 1694 408 32

957 415 1145 456 lnf01mis
1161 431 1252 457 earo
1271 418 1310 459 in
1329 434 1467 462 ursum
1637 427 1691 464 33

956 473 1065 526 Apes
1084 473 1170 512 sine
1191 474 1357 526 pedibus
1636 483 1690 520 34

955 529 1059 568 Aves
1076 543 1123 568 ex
1143 529 1208 569 ovi
1229 531 1362 571 medio
1636 538 1691 575 35

957 583 1151 624 Hominis
1178 585 1305 640 spinae
1337 586 1514 629 medulla
1542 587 1584 629 in
1613 603 1692 630 an-

1012 655 1133 694 guem
1179 652 1186 656 '
1635 651 1690 688 36

956 695 1130 737 Phoenix
1148 711 1195 737 ex
1215 698 1343 752 seipso
1635 705 1689 752 37

957 752 1157 806 Hyaenam
1200 755 1323 796 feram
1364 755 1484 796 modo
1520 771 1692 809 marem,

1013 810 1132 849 modo
1153 810 1365 851 foeminam
1381 825 1464 852 esse
1633 818 1689 855 38

955 864 1062 904 Mira
1082 865 1383 906 chamaeleontis
1404 876 1543 909 natura
1633 874 1689 910 39

955 919 1201 973 Lyncurium
1221 935 1271 962 ex
1287 923 1450 974 lyncum
1472 923 1588 963 urina
1633 930 1690 966 40

954 974 1158 1016 Coralium
1177 991 1227 1016 ex
1240 977 1353 1017 molli
1373 978 1517 1020 durum
1633 985 1683 1021 41

955 1030 1150 1072 Gentium
1174 1032 1462 1074 vicissitudines
1631 1040 1688 1081 42
1754 1034 1757 1038 ’

952 1087 990 1127 T
992 1087 1085 1142 rojae
1107 1087 1219 1128 ruina
1613 1090 1618 1096 ’

953 1142 1108 1196 Spartae

954 1198 1143 1252 Myccnae

951 1255 1126 1295 Athenae

951 1310 1106 1351 Thebae

954 1365 1100 1407 Romae
1119 1368 1232 1422 origo

952 1423 1103 1463 Numae
1121 1438 1286 1478 regnum

953 1479 1196 1534 Hippolytus
1218 1481 1258 1520 in
1279 1479 1463 1521 Virbium

949 1535 1097 1588 Egeria
1114 1536 1261 1576 Numae
1278 1550 1377 1577 uxor
1396 1536 1436 1577 in
1453 1538 1607 1580 fontem
1628 1545 1684 1582 46

1609 1378 1682 1415 -43

1627 1435 1686 1471 44

950 1591 1081 1631 Gleba
1098 1591 1138 1631 in
1155 1606 1323 1646 puerum
1626 1598 1684 1646 47

951 1647 1078 1687 Hasta
1093 1647 1257 1691 Romuli
1276 1648 1316 1688 in
1333 1648 1512 1689 arborem
1628 1658 1684 1695 48

949 1702 1066 1756 Cippi
1089 1717 1237 1744 cornua
1531 1757 1535 1759 Α
1626 1715 1681 1757 49

948 1758 1204 1813 AEsculapius
1224 1760 1264 1799 in
1281 1774 1455 1813 anguem

946 1871 1080 1912 Julius
1101 1871 1233 1911 Caesar
1249 1872 1290 1910 in
1312 1880 1513 1913 cometem

947 1927 1120 1980 Augusti
1142 1927 1277 1967 laudes

947 1982 1320 2038 Metamorphoseos
1339 1982 1654 2026 commendatio-

1627 1489 1733 1526 45·

1178 1840 1194 1846 -
1215 1815 1389 1856 Romam
1409 1816 1597 1859 advectus
1615 1822 1683 1860 ·50
1750 1805 1753 1808 Ι
