1824 2991
585 186 981 232 METAMORPH.
1002 178 1100 227 Lm.
1123 184 1217 226 XV.

123 280 242 324 Fecit
257 287 302 322 ut
319 279 517 323 Herculei
531 287 755 335 penetraret
770 278 822 320 ad
837 275 1003 332 hospitis
1016 276 1174 316 urbem.

124 338 250 380 Graia
265 337 354 393 quis
375 337 524 378 Italicis
536 345 675 378 auctor
694 335 888 391 posuisset
903 334 946 374 in
965 333 1044 374 oris

91 393 94 395 μ
124 394 287 436 Moenia
307 394 519 449 quaerenti,
537 393 595 435 sic
611 395 635 436 ὲ
653 392 876 434 senioribus
891 403 995 431 unus

124 451 300 493 Rettulit
320 450 534 505 indigenis,
547 450 693 490 veteris
708 463 788 489 non
807 447 954 488 inscius
969 445 1068 487 aevi:

123 507 250 549 Dives
266 509 316 549 ab
336 508 504 548 Oceano
523 507 650 546 bobus
669 505 771 546 Jove
793 512 908 544 natus
924 501 1052 544 Iberis

116 564 283 608 ,Littora
302 563 412 605 felici
428 563 602 603 tenuisse
617 561 789 602 Lacinia
808 574 927 601 cursu
973 604 976 606 v

127 621 290 662 Fertur:
312 627 366 669 et,
386 627 570 660 armento
589 628 745 659 teneras
760 625 917 658 errante
931 630 1003 671 per
1016 614 1173 663 herbas,

123 677 213 732 Ipse
226 677 395 718 domum
408 677 545 730 magni
558 690 632 717 nec
646 674 848 729 inhospita
859 682 968 714 tecta
980 670 1166 713 Crotonis
1181 674 1228 710 15

124 733 317 784 Intrasse3
338 742 379 773 et
397 734 536 787 requie
557 734 725 786 longum
746 733 937 772 relevasse
957 730 1161 780 laborem3

125 791 261 846 Atque
282 790 337 831 ita
353 789 578 840 discedens,
597 790 717 840 AEvo,
737 787 897 839 dixisse,
912 793 1108 841 nepotum

126 846 212 888 Hic
228 848 338 888 locus
358 846 467 887 urbis
487 847 562 887 erit
574 863 585 896 3
607 845 880 901 promissaque
896 857 988 884 vera
1007 844 1186 884 fuerunt.

126 903 237 944 Nam
259 903 335 944 fuit
355 904 545 957 Argolico
563 910 775 957 generatus
793 902 994 942 Alemone
1009 899 1176 954 quidam

112 958 344 1015 ⁸Myscelus,
360 960 467 1000 illius
486 959 562 1000 Dis
581 956 881 1013 acceptissimus
897 956 986 998 aevi.

1576 185 1664 233 437>

1250 272 1482 312 proficisceretur
1495 269 1531 302 ad
1544 271 1645 302 urbem

1248 313 1373 354 hospitis
1397 313 1550 344 Herculei.
1593 313 1650 344 At·

1249 366 1307 396 que
1322 366 1400 385 unus
1426 366 1461 385 ex
1481 355 1648 386 senioribus

1178 390 1231 428 10
1249 397 1318 428 inde
1325 398 1396 427 ortis
1405 407 1463 427 non
1471 398 1587 437 ignarus
1595 398 1649 427 »hi-

1247 441 1406 470 storiarum
1415 446 1503 479 praete
1508 440 1570 468 ritae
1580 446 1652 469 aeta-

1238 483 1298 519 ·tis,
1313 483 1354 511 sic
1369 481 1489 510 edocuit
1503 491 1567 511 eum
1580 482 1651 511 scin-

1249 525 1390 554 citantem
1417 523 1552 563 quisnam
1578 531 1648 552 con-

1249 567 1327 596 ditor
1360 565 1509 594 statuisset
1546 563 1650 595 urbem

1249 607 1386 638 Graecam
1423 608 1454 636 in
1499 606 1649 637 littoribun

1250 649 1342 680 Italis.
1372 647 1464 679 Filius
1475 647 1558 678 Jovis
1573 659 1650 688 opu·

1250 692 1347 723 lentus
1382 691 1472 722 tauris
1497 689 1653 731 Hispanis,

1249 735 1357 764 dicitur
1370 733 1536 774 pervenisse
1549 732 1584 762 ad
1605 731 1652 762 lit·

1250 784 1314 807 tora
1329 775 1451 806 Lacinia
1465 774 1544 806 felici
1560 784 1649 804 cursu

1250 818 1288 849 ab
1316 817 1452 854 Oceano3
1485 825 1587 857 atque,
1608 826 1653 845 ar-

1250 869 1353 891 mento
1377 867 1501 901 vagante
1526 869 1579 900 per
1608 866 1653 887 te-
1684 894 1687 895 ⁷

1251 909 1321 933 nera
1344 903 1490 944 gramina,
1506 901 1568 942 ipse
1583 899 1653 930 sub-

1249 945 1303 975 iise
1332 945 1454 976 domum
1476 943 1654 984 hospitalem

1202 1011 1211 1020 .
1249 988 1349 1028 magni
1379 986 1531 1022 Crotonis3
1557 992 1587 1016 et
1609 995 1655 1014 re-

127 1016 256 1057 Hunc
271 1031 390 1071 super
409 1016 650 1057 incumbens
669 1029 848 1070 pressum
869 1013 1063 1067 gravitate
1082 1026 1232 1067 soporis
1249 1030 1375 1070 spirasse
1396 1029 1413 1059 ᾗ
1436 1028 1517 1069 longi
1539 1027 1651 1061 itineris

127 1073 314 1127 Claviger
329 1073 568 1127 alloquitur:
585 1073 750 1122 patrias,
769 1085 856 1126 age,
870 1071 1005 1111 desere
1026 1069 1158 1110 sedes:

126 1129 160 1180 Ι,
175 1139 268 1185 pete
285 1130 427 1173 diversi
447 1130 644 1184 lapidosas
664 1128 814 1170 AEsaris
834 1126 974 1168 undas.

126 1186 197 1237 Et,
218 1186 295 1227 nisi
314 1186 503 1241 partierit,
524 1188 652 1228 multa
666 1200 713 1226 ac
731 1184 952 1226 metuenda
969 1182 1159 1223 minatur.

129 1242 224 1284 Post
239 1257 299 1294 ea,
310 1243 523 1284 discedunt
535 1243 683 1297 pariter
693 1254 939 1295 somnusque
952 1239 1156 1292 Deusque.

127 1300 268 1354 Surgit
287 1299 571 1350 Alemonides3
591 1299 793 1353 tacitaque
813 1296 992 1338 recentia
1011 1302 1150 1335 mente

126 1356 222 1397 Visa
236 1357 376 1407 refert3
394 1358 628 1411 pugnatque
648 1356 717 1396 diu
732 1353 932 1395 sententia
951 1366 1103 1393 secum.
1140 1359 1146 1362 “

76 1416 78 1418 ’
126 1412 294 1454 Numen
314 1413 424 1454 abire
437 1411 578 1468 jubet3
599 1412 816 1467 prohibent
835 1409 1039 1452 discedere
1054 1409 1185 1462 leges:

128 1469 338 1524 Poenaque
359 1484 465 1511 mors
483 1469 612 1524 posita
628 1478 687 1510 est
706 1467 876 1523 patriam
896 1473 1054 1508 mutare
1073 1466 1236 1505 volenti:

1247 1071 1419 1112 fatigatione
1437 1081 1489 1112 per
1507 1070 1652 1110 quietem,

1249 1121 1279 1143 et
1315 1113 1417 1144 abiens
1457 1114 1499 1143 sic
1532 1111 1653 1148 dixisse,

1250 1153 1312 1184 Hic
1322 1156 1377 1184 erit
1388 1155 1470 1185 locus
1479 1153 1558 1184 urbis
1567 1160 1656 1184 aetate

1250 1205 1393 1238 nepotum
1418 1208 1426 1226 ε
1469 1205 1558 1236 atque
1591 1195 1656 1235 ejus

1177 1240 1232 1278 25
1250 1239 1394 1280 promissa
1414 1237 1535 1269 fuerunt
1564 1247 1655 1268 certa.

1252 1279 1333 1320 Nam
1357 1280 1414 1311 fuit
1433 1280 1552 1321 quidam
1567 1278 1654 1321 Mys-

1253 1323 1333 1363 celus
1377 1323 1455 1353 filius
1499 1322 1657 1352 Alemonis

1254 1365 1370 1407 Argivi,
1381 1365 1433 1405 qui
1447 1375 1484 1395 ex
1506 1374 1569 1395 euae
1583 1371 1657 1394 aeta-

1253 1408 1292 1437 tis
1315 1408 1478 1440 hominihus
1502 1405 1572 1437 Diis
1599 1413 1660 1436 etat

1213 1463 1223 1472 ·
1254 1450 1447 1491 gratissimus.
1509 1447 1656 1478 Hercules

1254 1499 1454 1532 superstratus,
1468 1491 1512 1521 ita
1521 1489 1602 1521 hunc
1617 1489 1662 1521 aff·

129 1525 336 1567 Candidus
350 1527 519 1567 Oceano
537 1525 710 1566 nitidum
725 1534 844 1579 caput
861 1523 1068 1564 abdiderat
1081 1521 1166 1572 Sol,
1181 1525 1237 1561 30
1254 1532 1333 1563 fatur
1375 1543 1549 1574 oppressum
1598 1532 1660 1563 alto

127 1582 186 1624 Et
205 1592 326 1637 caput
346 1584 542 1623 extulerat
557 1582 794 1623 densissima
805 1580 1006 1621 sidereum
1022 1591 1122 1628 nox3
1253 1585 1377 1647 somgoz
1398 1575 1549 1624 Agedutp,
1569 1574 1661 1605 relin-

127 1639 245 1690 Visus
265 1639 402 1682 adesse
418 1639 526 1679 idem
546 1638 661 1680 Deus
681 1646 753 1690 est,
773 1637 995 1692 eademque
1009 1647 1207 1686 monere3
1253 1624 1661 1697 gsssscgfssfffiffissngfflssfss

128 1695 199 1747 Et,
221 1695 295 1736 nisi
312 1696 500 1750 paruerit,
516 1697 632 1750 plura
648 1704 688 1736 et
703 1694 885 1749 graviora
905 1693 1065 1734 minari.
1255 1702 1305 1732 das
1323 1712 1422 1732 saxeas
1448 1700 1562 1750 βατὶς
1591 1701 1659 1750 111·qu

129 1752 365 1794 Pertimuit:
387 1753 642 1807 patriumque
662 1752 783 1792 simul
804 1749 1013 1791 transferre
1035 1748 1198 1804 parabat
1255 1743 1338 1816 gfff
1349 1751 1485 1816 ἑῖῗῖυίἳη
1501 1753 1660 1815 ²3:333:

129 1828 257 1869 plurima
271 1836 361 1868 atque
377 1827 600 1858 reformidanda.
644 1827 714 1858 Post
726 1839 760 1858 ea
775 1839 862 1870 sopor
881 1836 968 1870 atque
979 1827 1066 1859 Deus
1079 1828 1167 1858 simul
1179 1825 1300 1858 abeunt.
1329 1796 1536 1858 quernonit’les
1551 1828 1660 1868 surgit,

128 1879 216 1910 atque
228 1870 305 1911 apud
315 1880 346 1899 se
358 1870 475 1899 revolvit
493 1880 564 1900 nova
576 1871 702 1908 somnia,
714 1879 744 1900 et
759 1871 913 1900 consilium
929 1871 980 1903 diu
996 1872 1140 1901 incertum
1155 1878 1209 1901 est.
1250 1870 1336 1900 Deus
1350 1869 1485 1899 hortatur
1495 1869 1658 1906 discedere,

120 1912 209 1953 leges
225 1922 285 1941 non
301 1912 401 1941 sinunt
418 1912 559 1952 proficisci
572 1926 579 1947 ;
603 1921 695 1953 atque
710 1923 787 1943 mors
802 1922 847 1942 est
861 1912 970 1943 dictum
994 1913 1172 1954 supplicium
1187 1913 1228 1948 ei,
1254 1912 1306 1952 qui
1328 1912 1412 1952 cupit
1426 1911 1551 1952 migrare
1565 1912 1582 1941 ὲ
1596 1911 1659 1941 solo

129 1955 235 1984 nativo.
249 1953 301 1983 Sol
316 1954 484 1994 splendidus
496 1954 666 1984 condiderat
675 1963 762 1996 caput
773 1955 904 1985 lucidum
917 1954 1087 1992 inceano,
1098 1964 1128 1985 et
1139 1965 1196 1984 nox
1207 1954 1413 1984 obscurissima
1423 1960 1555 1983 evexerat
1567 1962 1658 1994 caput

127 1996 287 2032 stellatum,
302 1997 370 2026 cum
387 1996 464 2026 idem
488 1995 573 2026 Deus
587 1997 663 2027 visus
678 2005 722 2027 est
736 1998 880 2034 assistere,
895 2006 985 2037 atque
1008 1997 1109 2028 eadem
1125 2007 1258 2034 monere,
1274 2005 1317 2034 et,
1334 1997 1392 2026 nisi
1406 1995 1590 2036 obsequutus
1605 1996 1657 2036 sit,

128 2039 234 2078 minari
251 2038 334 2080 plura
348 2046 379 2075 et
392 2038 516 2076 duriora.
560 2037 729 2076 Pertimuit:
743 2047 831 2081 atque
845 2040 993 2080 statuebat
1007 2040 1116 2081 pariter
1129 2038 1314 2071 transvehere
1329 2049 1389 2070 rem
1403 2038 1528 2080 patriam

821 2205 964 2238 NOTAE.

172 2289 202 2313 8.
216 2280 360 2324 Hospitis]
389 2279 542 2312 Crotonem
554 2279 635 2318 dicit,
650 2282 701 2321 qui
719 2291 778 2311 non
794 2280 874 2312 Her-

129 2324 228 2363 sulem
253 2326 371 2354 tantum
387 2334 423 2353 ex
439 2322 586 2363 Hispania
610 2323 779 2353 redeuntem
804 2322 874 2353 hos-

128 2365 205 2408 pitio
218 2367 345 2406 excepit,
370 2366 420 2395 scd
447 2366 566 2405 insuper
591 2364 711 2395 Crotom'
730 2365 796 2395 urbi
819 2376 874 2396 no-

131 2418 199 2438 men
229 2407 322 2444 dedit,
347 2408 378 2439 in
403 2408 461 2448 qufi.
486 2405 665 2448 Pythagoras
681 2405 876 2448 philosophus

131 2451 273 2480 maximus
287 2449 399 2480 docuit.
443 2448 525 2479 Illius
552 2448 691 2479 audiendi
705 2450 792 2479 causa
807 2448 876 2480 Nu·

132 2501 210 2521 mam
225 2491 386 2522 Crotonem
409 2491 586 2521 concessisse
614 2490 698 2520 finxit
720 2496 818 2532 poeta,
842 2498 876 2521 ut

131 2533 245 2563 fabulas
267 2544 333 2564 suas
355 2541 526 2570 consueret3
551 2534 628 2565 cum,
643 2540 741 2563 tamen
766 2531 876 2574 l'ytha-

130 2585 243 2616 goram,
257 2573 358 2606 Servio
379 2573 478 2606 Tullio
501 2583 657 2616 regnante,
676 2580 736 2605 100
751 2574 876 2616 amplius

132 2623 197 2659 post
207 2627 299 2647 annos
314 2618 421 2648 vixisse
433 2617 504 2648 satis
515 2624 643 2647 constat.

177 2665 226 2689 12.
241 2658 353 2699 Iberis-J.
369 2659 529 2700 Hispanis.-
552 2670 626 2700 quos
645 2658 726 2696 inde,
737 2657 875 2700 Geryone

131 2700 299 2737 interfecto,
315 2701 450 2741 abegerat
464 2701 540 2731 Jove
550 2705 641 2732 &zatus
656 2700 815 2733 Hercules.
825 2704 831 2710 ”

181 2748 231 2773 13.
249 2741 384 2782 Lacinia]
416 2741 494 2776 Quae
505 2743 523 2773 a
538 2743 659 2773 Lacinio
674 2743 877 2784 promontorio

134 2783 241 2826 ltaliae,
254 2795 312 2814 non
327 2783 439 2825 longe&
450 2782 586 2822 Crotone,
595 2785 672 2815 inter
680 2784 709 2815 T
709 2786 877 2816 arentinum

132 2835 163 2858 et
179 2825 355 2868 Scyllacium
370 2827 481 2864 sinum,
501 2835 609 2858 nomen
631 2826 815 2866 hfibuemnt5
838 2828 878 2859 ui-

917 2288 970 2311 cut
985 2289 1015 2311 et
1028 2281 1124 2321 ipsum
1136 2279 1371 2322 promontorium
1385 2280 1403 2311 ὲ
1418 2279 1541 2310 Lacinio
1550 2279 1663 2310 latrone

918 2323 958 2354 ibi
973 2323 1010 2353 ab
1026 2322 1157 2353 Hercule
1172 2331 1300 2353 mactato
1310 2333 1395 2352 suum
1411 2322 1583 2364 desumpsit.

960 2372 1011 2395 22.
1042 2364 1190 2404 Claviger]
1231 2365 1387 2395 Herculem
1412 2365 1497 2402 dicit,
1525 2365 1576 2405 qui
1598 2364 1662 2394 sine

918 2407 1003 2437 clami
1018 2415 1047 2437 et
1060 2408 1151 2437 leonis
1158 2408 1235 2448 pelle
1248 2407 1293 2436 vix
1308 2407 1423 2448 uspiam
1438 2407 1597 2439 invenitur.

961 2454 1011 2479 23.
1026 2448 1157 2488 Diversi]
1171 2447 1282 2489 Longe
1293 2447 1364 2479 hinc
1378 2449 1416 2478 ab
1425 2448 1514 2490 Argis
1520 2447 1667 2478 distantis.

961 2489 1006 2521 lb.
1024 2491 1152 2530 AEsmis]
1183 2489 1247 2524 Qui
1260 2491 1364 2523 fluvius
1378 2498 1423 2520 est
1437 2501 1539 2531 parvus
1562 2489 1664 2518 admo-

917 2531 988 2561 dum
1011 2543 1127 2573 magnae
1147 2532 1274 2566 Graeciae
1302 2533 1333 2563 in
1358 2531 1493 2563 Calabria
1515 2531 1666 2568 ulteriore,

918 2572 1049 2608 Crotone
1063 2576 1095 2605 in
1110 2573 1230 2606 Ionium
1245 2585 1324 2605 mare
1338 2574 1481 2605 defluens.

962 2621 1013 2647 26.
1025 2617 1221 2656 Alemmzides]
1236 2617 1403 2658 MysceIuS,
1412 2616 1488 2645 filius
1497 2614 1664 2644 Alemonis.

960 2665 1012 2694 27.
1027 2659 1140 2699 Refert]
1183 2659 1314 2698 Volutet,
1334 2659 1440 2697 agitat,
1457 2656 1627 2695 cogitatione
1637 2660 1665 2686 et

917 2700 1017 2732 anima
1031 2702 1162 2733 revolvit.
1205 2700 1288 2731 Alibi
1310 2701 1398 2732 etiam
1415 2700 1444 2727 in
1457 2698 1562 2739 eodem
1576 2707 1666 2728 sensu

920 2743 1040 2774 verbum
1055 2741 1162 2783 referre
1175 2749 1296 2783 usurpat
1311 2740 1444 2771 Ovidius.
1496 2760 1502 2765 -

962 2791 1014 2817 30.
1028 2785 1154 2825 Oceano]
1172 2783 1216 2814 Ut
1227 2784 1341 2814 videtur
1352 2782 1455 2812 oculis.

964 2825 1191 2869 31.Si‹1ereum]
1210 2824 1290 2861 Quia
1306 2831 1396 2857 noctu
1410 2822 1502 2856 siden
1516 2830 1670 2867 apparent.
