1824 2991
611 139 1005 183 METAMORPH.
1034 139 1129 181 Lm.
1159 140 1252 181 XV.

188 230 287 272 Inde
302 243 374 285 per
390 227 548 284 injectis
563 226 794 284 adopertam
818 229 978 270 floribus
999 228 1144 282 ingens

188 286 322 340 Serpit
330 285 690 340 humum3flectitq3
701 286 809 326 sinus
821 303 830 326 :
845 285 1048 339 mediamq
1054 299 1065 334 ;
1075 297 1147 339 per
1154 297 1200 323 ur

185 342 336 384 Tendit
355 343 406 383 ad
427 342 594 382 incurvo
613 342 789 382 munitos
808 355 953 394 aggere
975 350 1122 394 portus,

1621 146 1703 183 465

1315 226 1397 257 Hine
1425 238 1548 269 magnus
1587 227 1705 269 obrepit

1200 271 1226 322 b
1251 266 1256 269 ’
1313 279 1364 309 per
1378 277 1482 300 terram
1500 278 1607 300 tectam
1623 269 1705 300 nori-

1227 296 1294 353 ·em
1313 310 1366 339 bus
1378 312 1481 351 sparsis
1493 325 1500 347 ;
1513 320 1601 351 atque
1612 313 1706 352 agitat

1164 370 1171 374 -
1210 343 1294 379 690
1311 352 1414 392 spiras,
1443 360 1472 381 et
1495 353 1576 393 ‘petit
1603 362 1705 394 portus

186 396 351 439 Restitit
368 399 434 439 hic
451 413 459 438 :
478 411 705 451 agmenque
720 412 851 446 suum,
865 398 1073 450 turbaeque
1089 394 1293 450 sequentis
1310 393 1429 424 va¹¹³¹0⁸
1451 404 1571 424 ¹¹¹⁰²¹W⁰
1597 405 1705 435 aggere

185 454 380 494 Officium
401 454 561 508 placido
579 453 683 493 visus
703 453 905 493 dimittere
924 454 1061 501 vultu3

934 507 1127 548 Numinis
1146 507 1216 547 illa

184 566 319 606 Sensit
338 579 438 606 onus
457 582 468 607 ς
489 568 699 619 pressaque
719 565 799 605 Dei
819 565 1013 618 gravitate
1034 563 1170 604 carina

181 621 381 673 AEneadae
400 622 578 675 gaudent
596 638 605 663 :
627 635 810 675 caesoque
827 622 868 661 in
891 621 1022 661 littore
1042 630 1158 661 tauro
1206 624 1287 660 695

182 677 314 734 Torta,
326 686 527 728 coronatae
543 679 702 718 solvunt
718 677 939 718 retinacula
958 677 1118 731 puppis.

182 733 404 788 Impulerat
424 734 520 774 levis
536 748 632 775 aura
650 743 790 776 ratem.
851 733 965 774 Deus
985 733 1139 773 eminet
1154 734 1232 773 alte
1249 749 1259 774 :

180 789 456 844 ImpositAque
477 804 662 844 premens
682 790 849 844 puppim
865 790 1020 830 cervice
1040 802 1261 839 recurvam,

180 845 387 887 Coeruleas
403 847 606 901 despectat
617 860 760 900 aquas:
783 846 1032 900 modicisque
1049 859 1118 900 per
1134 859 1271 899 aequor

181 902 345 944 Ionium
367 900 565 957 Zephyris
580 910 691 942 sexto
711 901 956 943 Pallantidos
973 910 1063 942 ortu

181 958 340 999 Italiam
361 959 490 1000 tenuit
501 975 512 1009 ;
533 959 758 1013 praete‘rque
775 958 946 998 Lacinia
965 959 1120 1012 templo

182 1014 408 1055 Nobilitata
426 1015 544 1066 Dece,
565 1015 836 1069 Scylaceaque
857 1015 990 1055 littora
1010 1016 1148 1055 fertur.

181 1071 353 1125 Linquit
368 1071 589 1125 Iapygiam,
606 1071 794 1125 laevisque
815 1071 1047 1125 Amphissia
1066 1071 1187 1111 remis

182 1127 287 1167 Saxa
306 1127 436 1181 fugit:
458 1128 597 1168 dextr-<⁶1
615 1137 814 1181 praerupta
836 1127 1034 1167 Ceraunia
1051 1135 1179 1180 parte,

185 509 340 564 Corpus
361 510 403 549 in
423 509 603 550 Ausonia
621 508 752 563 posuit
779 519 876 550 rate.

1309 445 1363 475 per
1371 435 1495 465 mediam
1507 435 1619 466 urbem.
1642 436 1705 467 Hic

1309 477 1442 506 substitit
1458 490 1466 513 ;
1498 484 1527 506 ct
1554 478 1631 506 visus
1659 478 1706 508 di-

1310 519 1429 548 mittere
1443 517 1559 548 turbam
1578 530 1660 549 suam
1675 528 1706 550 et

1308 559 1436 590 officium
1459 561 1584 600 agminis
1606 570 1705 600 prose-

1307 603 1427 641 quentis
1449 612 1515 637 cum
1537 602 1598 632 leni
1618 601 1706 639 facie,

1307 644 1423 673 demisit
1436 654 1540 683 corpus
1557 645 1587 673 in
1602 654 1706 674 navem

1307 684 1421 715 Italam.
1455 684 1508 715 lua
1522 687 1616 715 sensit
1631 696 1707 727 pon-

1306 727 1359 757 dus
1375 725 1447 764 Dei,
1461 736 1490 757 ct
1501 727 1643 758 AEneadae
1656 728 1707 759 lae-

1307 776 1407 798 tantur
1421 779 1523 799 navem
1538 780 1602 800 esse
1616 779 1707 800 onus-

1307 818 1366 840 tam
1377 810 1505 852 ponderc
1518 812 1662 847 numinis;
1676 819 1709 841 et

1307 852 1380 882 bove
1404 860 1532 883 mactato
1554 854 1585 883 in
1608 853 1707 883 littore
1730 861 1733 864 ⁴

1206 903 1290 951 700
1307 892 1423 924 Solvunt
1436 895 1552 925 vincula
1566 903 1643 925 torta
1655 905 1708 925 na·

1307 937 1350 965 vis
1359 945 1515 966 coronatae.
1539 936 1626 967 Levis
1636 947 1707 967 ven-

1308 985 1356 1007 tus
1363 978 1485 1019 agitat-at
1495 980 1602 1010 navim.
1618 977 1706 1009 Deus

1308 1019 1441 1049 sublimis
1449 1027 1539 1057 extat,
1547 1029 1576 1050 et
1588 1022 1705 1050 innixus

1308 1061 1413 1101 pandae
1433 1063 1526 1102 puppi
1544 1063 1639 1103 capite
1654 1063 1706 1092 de-

1308 1103 1409 1139 misso,
1448 1104 1570 1144 despicit
1616 1114 1708 1144 aquus

1309 1145 1449 1174 coemi-eas
1465 1159 1472 1181 ;
1501 1153 1531 1174 et
1559 1144 1706 1186 Zephyris

183 1182 537 1237 Romechiumque
559 1184 669 1237 legit,
691 1183 966 1237 Caulonaque,
987 1183 1290 1236 Nariciamque,
1308 1186 1430 1215 modicis
1454 1197 1506 1227 per
1527 1197 1606 1217 mare
1625 1186 1707 1217 Iom-

180 1237 427 1293 Evineitque
443 1241 606 1289 fretum,
627 1239 835 1293 Siculique
855 1249 1023 1296 angusta
1040 1238 1186 1290 Pelori,
1206 1242 1289 1289 706

1309 1238 1358 1257 um
1374 1236 1456 1258 sexto
1470 1236 1573 1259 exortu
1592 1227 1707 1260 Pallan-

1309 1269 1386 1299 tidos
1398 1271 1530 1310 pervenit
1541 1272 1570 1300 in
1578 1270 1707 1308 Italiam,

182 1294 510 1350 Hippotadaeque
521 1295 660 1336 domos
673 1295 1100 1350 regis,Themesesque
1115 1297 1292 1347 metalla,
1310 1319 1341 1341 et
1355 1311 1471 1342 vehitur
1490 1321 1593 1353 praexer
1607 1312 1707 1343 littora

179 1350 504 1407 Leucosiamque
523 1352 638 1406 petit,
662 1352 867 1407 tepidique
887 1352 1032 1393 rosaria
1051 1352 1186 1394 Paesti.

1293 1353 1432 1384 'Lacinia
1460 1355 1566 1396 inclyta
1588 1355 1707 1395 -templo

1311 1394 1401 1432 Deae,
1431 1403 1520 1436 atque
1555 1395 1707 1438 Scylacea.

1313 1435 1454 1473 Praeterit
1486 1437 1637 1479 iapygiam
1675 1446 1707 1468 et

179 1476 250 1505 vitat
264 1482 360 1516 petras
374 1474 562 1516 Amphissias
577 1474 714 1517 expolitis
725 1478 831 1508 remis:
855 1478 982 1518 praeterit
997 1477 1013 1507 ὲ
1028 1484 1109 1518 parte
1124 1478 1223 1508 dextra
1239 1477 1393 1515 Ceraunia,
1409 1487 1438 1509 et
1453 1475 1663 1517 Romechium,
1676 1488 1708 1510 et

180 1515 357 1554 Caulonem,
380 1526 410 1547 et
430 1516 600 1558 Naryciam,
624 1527 713 1558 atque
732 1526 849 1560 superat
863 1519 983 1556 fretum,
1006 1529 1036 1549 et
1051 1521 1199 1561 angustias
1215 1519 1311 1550 Pelori
1332 1519 1437 1557 Siculi,
1460 1529 1490 1550 et
1511 1523 1614 1552 domos
1628 1522 1717 1563 regis,

182 1556 360 1600 Hippotadae
374 1567 404 1590 et
419 1559 584 1590 aerifodinas
594 1559 774 1600 Themeses3
792 1569 857 1595 tum
874 1562 967 1592 tendit
982 1561 1017 1592 ad
1029 1560 1215 1600 Leucosiam,
1228 1571 1258 1593 et
1272 1564 1378 1594 rosaria
1388 1563 1474 1594 calidi
1488 1562 1585 1596 Paesti.

877 1676 1017 1709 NOTAE.

223 1735 294 1764 689.
317 1732 422 1772 Sinus]
448 1732 587 1777 *Quippe
617 1735 649 1764 in
674 1735 767 1775 spiras
788 1742 925 1766 contorto

181 1780 265 1814 tergo
279 1785 342 1804 sese
357 1785 469 1816 angues
480 1784 662 1816 promovent.
851 1794 854 1796 ·

226 1819 297 1848 696.
323 1815 492 1856 Coronaloe]
511 1817 556 1847 Ut
571 1817 669 1848 decuit
679 1818 757 1848 illam
772 1828 846 1856 esse,
858 1829 925 1859 quae

182 1864 243 1887 tam
261 1858 416 1898 pretiosam
432 1869 559 1889 mercem
576 1859 704 1890 veheret.

226 1905 300 1933 700.
315 1900 443 1940 Ionium]
469 1899 547 1931 Illud
557 1898 785 1942 narnque,quod
792 1901 924 1933 Siciliam

184 1941 264 1970 inter
279 1948 309 1971 et
327 1941 472 1973 Groeciam
493 1950 588 1983 patet,
611 1942 752 1974 Romanis
775 1943 925 1985 Epidauro

182 1980 309 2012 Romam
325 1983 526 2021 redeuntibus,
540 1985 600 2015 fuit
615 1985 838 2027 enavigandum.

223 2023 269 2054 Ib.
292 2025 488 2065 Pallantidos]
513 2026 652 2065 Aurorae,
674 2038 763 2067 quam
784 2027 924 2058 Pallantis

181 2064 271 2095 filiam
287 2067 622 2108 nonnulliscripserunt.
665 2067 720 2100 Per
734 2070 812 2100 illam
825 2078 924 2100 autem

181 2117 231 2138 sea:
245 2108 304 2138 dies
318 2107 367 2139 hie
383 2110 476 2139 intelli
522 2118 600 2141 ntur.

224 2155 295 2184 701.
306 2151 446 2191 Lacinia]
491 2164 509 2181 n
523 2151 648 2182 Lacinio
662 2155 864 2194 promontorio
876 2154 923 2184 fu—

181 2192 236 2221 isse
249 2190 270 2221 J
274 2193 378 2222 unonis
388 2193 529 2234 templum
542 2205 578 2224 ex
596 2193 722 2234 Virgilio
731 2197 922 2235 intelligitur:

179 2241 374 2274 sanctumque
389 2233 479 2265 fuisse
495 2235 634 2265 omnibus
645 2237 720 2267 cirea
732 2239 847 2279 populis
863 2248 922 2268 tes-

181 2283 259 2306 tatur
275 2274 387 2305 Livius.
429 2275 430 2278 ’

203 2316 205 2319 ’
224 2321 296 2351 702.
317 2317 472 2359 Scylacea]
498 2317 631 2360 Scylacei
646 2320 740 2357 sinus,
754 2329 806 2351 aut
819 2322 921 2363 oppidi

137 2371 146 2382 ι
182 2358 213 2388 in
229 2360 358 2389 extrema
372 2358 516 2391 Calabria.

225 2406 299 2434 703.
320 2402 492 2443 Iapygiam]
525 2401 710 2440 Calabriam,
737 2403 773 2433 ab
801 2403 922 2446 Iapyge,

183 2439 299 2471 Daedali
316 2442 388 2479 filio,
403 2444 444 2474 sic
460 2445 579 2474 dietam.

227 2481 272 2511 lb.
286 2483 468 2526 Amphissia]
495 2485 624 2523 Frustra,
639 2493 674 2516 ut
688 2487 813 2524 videtur,
828 2488 858 2517 in
874 2487 921 2517 his

184 2522 356 2563 detegendis
370 2527 423 2556 viri
438 2528 537 2569 magni
549 2527 737 2566 desudarunt,
749 2537 836 2570 atque
851 2530 925 2560 adeo

187 2567 217 2595 in
234 2565 290 2595 illis
305 2576 366 2596 uon
381 2566 566 2600 haerebimus.
739 2573 742 2576 ⁴

230 2613 270 2641 70
278 2614 301 2637 4.
319 2608 479 2650 Ceraunia]
498 2610 606 2651 Neque
622 2610 686 2642 haec
699 2613 729 2643 in
747 2611 831 2643 Itali-:i
846 2614 925 2653 quis-

187 2659 275 2688 quam
291 2649 364 2679 alius
376 2651 498 2691 scriptor
509 2652 657 2685 indicavit.

233 2697 304 2723 705.
323 2691 521 2734 Romechium]
550 2693 675 2726 Nullum
699 2706 818 2738 quoque
836 2697 924 2735 hujux

193 2733 305 2773 uqi-im
318 2734 482 2774 vestigium.

971 1734 975 1738 '
1011 1734 1057 1765 Ib.
1082 1735 1286 1776 Caulonaque]
1313 1735 1383 1766 Fuit
1401 1736 1517 1767 Caulon
1527 1747 1579 1767 seu
1597 1735 1708 1767 Caulo*

966 1778 1018 1807 nia
1032 1777 1101 1808 urbs
1116 1788 1230 1818 magnae
1241 1778 1366 1808 Graeciae
1384 1780 1413 1809 in
1429 1778 1550 1815 Brutiis,
1560 1778 1616 1815 vel,
1626 1778 1707 1819 quod

969 1820 1047 1849 idem
1069 1827 1124 1857 est,
1145 1819 1319 1861 oppidulum
1342 1820 1483 1851 Calabriae
1507 1821 1653 1851 ulterioris
1675 1821 1707 1851 in

968 1869 1069 1891 monte
1085 1862 1272 1902 cognomine.

1009 1901 1056 1932 Ib.
1072 1904 1240 1944 Nariciam]
1259 1904 1406 1945 Narycia,
1422 1905 1559 1942 Nar-itia,
1573 1913 1622 1936 aut
1638 1907 1704 1936 Na-

966 1945 1068 1975 rilz'um
1083 1944 1224 1976 Calabriae
1239 1954 1283 1975 est
1298 1948 1399 1983 eiiam,
1421 1958 1509 1987 quam
1527 1947 1556 1978 in
1572 1956 1705 1978 extremo

967 1987 1029 2026 ejus
1044 1987 1154 2028 angulo
1169 1988 1256 2017 Locri
1271 1989 1395 2029 Narycii
1407 1989 1634 2019 aedificaverunt.

1011 2033 1081 2064 706.
1098 2029 1406 2070 Evincitquefietum]
1432 2030 1509 2060 Cum
1533 2031 1705 2061 difficultate

966 2071 1068 2100 transit
1085 2081 1136 2111 per
1150 2069 1284 2101 Siculum
1299 2071 1419 2109 fretum,
1459 2073 1516 2103 uod
1527 2072 1647 2113 quidem
1662 2081 1706 2103 est

966 2114 1092 2142 maxime
1115 2114 1311 2149 vorticosum;
1337 2115 1414 2144 inter
1438 2084 1589 2155 {cylicum
1613 2114 1706 2145 ltaliae

965 2156 1209 2195 promontorium,
1226 2164 1255 2184 et
1270 2153 1406 2185 Pelorum
1422 2155 1542 2186 Siciliae.

1010 2201 1080 2231 707.
1093 2197 1282 2238 Hippotadae]
1308 2199 1421 2228 AEolias
1441 2198 1512 2228 dicit
1531 2198 1651 2234 insulas,
1674 2199 1704 2227 in

965 2238 1073 2277 quibus
1089 2239 1219 2275 regnavit
1233 2239 1336 2269 AEolus
1353 2237 1436 2269 ‘lovis
1453 2240 1528 2269 filius
1543 2249 1578 2270 ex
1598 2240 1705 2270 Acoeta

966 2280 1106 2320 Hippola:
1114 2279 1233 2317 Trojan'i
1251 2280 1324 2310 falia:
1349 2278 1385 2311 de
1396 2292 1456 2321 quo
1467 2283 1529 2320 jam
1545 2283 1663 2322 saepius.

1007 2321 1052 2351 ΙΙ).
1063 2321 1223 2361 Themeses]
1249 2323 1383 2353 Themese
1391 2324 1616 2366 seu‘l'empswn,
1633 2322 1704 2353 Bru·

964 2364 1072 2393 tiorum
1087 2363 1242 2404 oppidum,
1263 2363 1422 2394 aerifodinis
1434 2365 1544 2403 nobile,
1566 2376 1637 2408 quas
1653 2375 1706 2394 suo

966 2414 1100 2445 tempore
1116 2405 1257 2436 defecisse
1274 2414 1366 2436 narrat
1378 2405 1493 2437 Strabo.

1007 2451 1022 2480 7
1028 2446 1277 2487 os.‚Leuc0siam]
1304 2448 1445 2478 Lucaniae
1457 2456 1501 2479 est
1516 2459 1599 2489 parra
1612 2447 1704 2477 insula

965 2490 996 2519 in
1009 2489 1076 2518 sinu
1086 2486 1232 2519 Pzestano.
1493 2517 1499 2520 .

1007 2529 1055 2560 Ib.
1078 2530 1215 2570 Rosaria]
1242 2529 1372 2561 Paetum
1396 2530 1537 2561 Lucania-
1562 2531 1703 2570 oppidum

968 2583 1082 2613 semper
1097 2583 1230 2609 vernans,
1245 2574 1328 2612 cnjus
1342 2574 1431 2603 etiam
1448 2574 1552 2602 rosaria
1565 2571 1702 2613 Virgilius

967 2614 1154 2645 commendat
1168 2614 1213 2656 liis
1224 2615 1333 2651 verbis,

1195 2698 1268 2737 Effer
1276 2701 1340 2736 ique
1354 2698 1464 2727 rosaria
1483 2696 1580 2727 Paesri.

1274 2788 1361 2819 :rt
