1824 2991
711 577 980 655 LIBER
1018 578 1113 632 lv,

625 801 1205 863 ARGUMENTUMss

214 985 255 1027 A
262 985 376 1029 LCI
379 985 469 1029 TH
472 975 556 1030 OE
576 995 724 1040 tamen,
741 988 823 1031 urea
844 1005 931 1031 cum
949 990 1165 1043 sororibus,
1183 997 1412 1033 constanter
1431 1006 1476 1032 ea
1498 999 1670 1034 contem-

153 1059 290 1102 nebat.
350 1059 469 1102 Adeo
489 1068 533 1102 ut
552 1060 718 1117 infesto
738 1063 875 1103 varias
890 1062 946 1103 ad
960 1063 1089 1105 colum
1107 1064 1294 1104 historias
1314 1063 1394 1104 illoe
1405 1064 1483 1104 sibi
1501 1065 1671 1107 invicem

153 1148 326 1175 narrare
345 1124 549 1189 coeperint.
612 1132 782 1175 Partim
808 1133 858 1175 de
886 1135 1008 1176 moris
1031 1135 1269 1193 denigratis,
1294 1136 1451 1191 partim
1472 1136 1521 1177 de
1541 1137 1674 1193 Apol-

152 1206 235 1249 line
253 1207 298 1248 in
320 1206 585 1264 Eurynomen
604 1221 728 1258 verm,
762 1213 808 1249 ut
832 1222 923 1248 cum
944 1206 1176 1250 Leucothoe
1196 1203 1500 1251 concumberet:
1532 1224 1675 1265 quam·

147 1279 282 1322 obrem
307 1278 443 1337 Clytie
461 1270 646 1337 zelotypa
677 1280 722 1321 in
753 1279 1061 1337 Heliotropium
1075 1279 1216 1339 fuerit
1242 1288 1424 1324 mutata:
1446 1282 1607 1338 partim
1626 1282 1676 1325 de

150 1352 502 1411 Hermaphrodito
531 1360 571 1395 et
592 1352 825 1417 Salmacide
856 1354 1036 1412 nymplzd
1067 1355 1114 1397 in
1142 1370 1269 1397 'unum
1301 1369 1441 1412 corpus
1468 1356 1675 1398 concretis.

154 1418 247 1472 Quo
252 1424 396 1483 facto,
427 1441 578 1468 sorores
597 1428 696 1483 ipsoe
712 1427 758 1469 in
778 1428 1094 1484 vespertiliones,
1120 1423 1336 1486 earumque
1362 1427 1455 1470 telae
1481 1428 1526 1470 in
1551 1429 1675 1471 vitem

150 1506 189 1541 et
201 1499 418 1556 pampinos
439 1498 742 1556 transformatae
761 1508 869 1542 sunt.
931 1500 1029 1544 Ηᾶε
1048 1501 1098 1544 de
1117 1516 1160 1543 re
1179 1501 1269 1543 cum
1287 1502 1435 1560 Agave
1452 1503 1671 1556 lactaretur,

149 1589 320 1633 magnus
340 1575 376 1617 ei
395 1574 512 1625 dolor
531 1574 691 1618 oblatus
713 1582 790 1626 est,·
820 1576 983 1633 quando
1005 1575 1086 1618 Ino
1115 1583 1153 1618 et
1174 1574 1377 1617 Athamas
1404 1575 1450 1617 in
1473 1590 1585 1617 mare
1596 1590 1675 1632 per

150 1647 354 1690 insaniam
363 1647 659 1704 prosiluerunt,
681 1655 719 1691 et
723 1647 844 1706 facti
861 1647 1054 1694 suntDii
1073 1649 1238 1691 marin-i.
1307 1648 1418 1694 Quos
1437 1647 1532 1690 dum
1549 1647 1674 1690 muli-

151 1735 232 1763 eres
254 1720 456 1763 Tbebanae
476 1737 556 1778 pro
576 1722 746 1764 mortuis
774 1721 1002 1778 deplorant,
1031 1723 1077 1767 in
1101 1737 1199 1763 saa‘a
1228 1728 1267 1763 et
1291 1721 1472 1763 volucres
1497 1735 1673 1762 commu-

150 1799 308 1839 tantur.
371 1792 549 1836 Cadmus
568 1807 725 1850 quoque
743 1792 820 1835 hac
838 1793 1074 1836 calamitate
1093 1800 1321 1845 commotus,
1337 1792 1488 1834 relictis
1509 1792 1670 1846 Thebis,

139 1864 193 1908 ‘in
230 1865 424 1924 Illyrium
454 1882 545 1909 cum
574 1881 699 1908 uxore
725 1865 936 1923 profectus
967 1873 1035 1908 est.
1103 1864 1186 1908 Ubi
1223 1872 1392 1922 uterque
1425 1866 1673 1924 anguineam

134 1938 326 1997 sormam
346 1941 514 1996 accepit.
577 1939 696 1983 Solus
721 1941 862 1996 itaque
892 1938 1073 1982 restabat
1103 1937 1123 1980 ὲ
1147 1938 1306 1981 Bacchi
1333 1938 1674 1994 contemptoribus

148 2012 347 2064 Acrisius,
379 2027 479 2054 avus
511 2011 667 2064 Persei,
700 2012 772 2070 qui
794 2010 1003 2069 Gorgonis
1031 2019 1155 2068 caput
1183 2011 1426 2068 amputavit.
1489 2011 1532 2054 E
1559 2012 1673 2068 cujus

142 2086 274 2142 guttis
293 2086 338 2127 in
363 2092 514 2128 terram
539 2085 711 2142 delapsis
730 2100 882 2143 angues
910 2086 1041 2128 exorti
1059 2093 1168 2138 sunt,
1200 2093 1239 2127 et
1259 2084 1474 2128 Atlantem
1488 2085 1538 2128 in
1557 2099 1672 2126 mon-

147 2165 240 2210 tem,
273 2159 502 2223 virgasque‚
524 2166 619 2214 post
639 2157 946 2201 Andromedam
966 2157 1196 2210 liberatam,
1224 2158 1268 2200 in
1288 2157 1447 2242 lapides
1460 2159 1670 2200 convert-it.
1716 2169 1733 2184 Χ

151 2228 256 2273 Orto
277 2230 456 2273 deinde
439 2247 485 2273 in
504 2231 657 2288 nuptiis
676 2231 868 2284 tumultu,
893 2231 1116 2285 Phineum,
1145 2246 1234 2275 cum
1254 2232 1347 2282 suis,
1366 2228 1528 2288 unaque
1549 2229 1668 2273 Prae-

144 2310 232 2347 tum
251 2310 290 2346 et
311 2302 577 2362 Polydecten,
595 2319 732 2348 saxeos
750 2304 942 2348 reddidit.
