1824 2991
575 141 971 187 METAMORPH.
1002 142 1098 184 Lm.
1127 142 1182 183 X.

1555 144 1634 181 291

162 238 214 282 V.
229 237 291 280 Te
307 248 481 292 quoque,
512 232 741 289 Amyclide,
771 231 965 288 posuisset
995 231 1039 272 in
1069 230 1221 272 aethere
1281 227 1319 259 V·
1347 229 1454 270 Apono
1485 237 1517 261 te
1547 230 1638 262 etiam

339 293 530 342 Phoebus,

106 350 256 394 Tristia
275 349 307 390 si
329 349 503 404 spatium
520 346 698 402 ponendi
720 346 801 386 fata
816 345 1029 386 dedissent.

106 408 203 452 Qua
220 407 331 456 licet,
347 415 519 456 aeternus
535 412 670 444 tamen
693 417 756 443 es:
776 402 1011 457 quotiesque
1032 398 1192 455 repellit

105 463 188 505 Ver
208 464 400 512 hiemem,
422 461 608 515 Piscique
625 459 740 500 Aries
759 458 939 500 succedit
954 471 1116 514 aquoso,
1141 460 1217 497 165

106 520 172 562 Tu
194 520 308 561 toties
328 518 462 567 oreris,
482 517 681 571 viridique
703 516 743 556 in
766 515 916 570 cespite
933 515 1062 556 flores.
1128 523 1132 526 “

105 577 167 619 Te
189 590 301 617 meus
321 583 414 615 ante
434 575 533 615 alios
547 573 705 628 genitor
725 573 879 622 dilexit,
900 579 940 612 et
959 571 1064 612 orbis

107 633 155 675 In
178 633 312 673 medio
331 631 451 686 positi
472 637 685 671 cai-uerunt
705 629 874 684 praeside
887 628 1057 683 Delphi,

79 730 88 738 ,
104 689 221 732 Dum
241 689 356 730 Deus
370 688 565 737 Eurotan,
586 687 928 741 immunitamque
944 686 1170 740 frequentat

107 746 306 802 Sparten3
337 759 414 786 nec
440 744 620 795 citharae,
649 758 724 784 nec
744 744 900 793 sunt-in
925 742 1077 783 honore
1095 741 1220 796 sagit<-

338 811 406 843 iae.

108 859 332 902 Immemor
353 860 437 913 ipse
457 857 517 898 sui
539 872 618 898 non
638 856 738 898 retia
758 857 859 897 ferre
875 862 1051 906 recusat3

107 916 212 965 Non
226 915 399 956 tenuisse
420 929 560 964 canes;
582 928 662 955 non
683 927 756 968 pei·
769 913 869 969 juga
890 912 1038 953 montis
1060 910 1190 966 iniqui

109 972 193 1014 Isse
213 985 347 1013 comes
366 988 375 1013 :
407 973 607 1026 longaque
628 971 699 1011 alit
717 969 971 1010 assuetudine
992 968 1192 1024 flammas.

108 1028 287 1084 Jamque
306 1030 388 1069 fere
405 1029 560 1068 medius
578 1027 701 1068 Titan
723 1026 918 1067 venientis
938 1033 978 1065 et
997 1034 1098 1066 actae

109 1085 254 1128 Noctis
270 1094 366 1135 erat,
379 1085 588 1140 spatioque
602 1084 687 1138 pari
703 1082 874 1123 distabat
893 1081 1125 1136 utrimqueq
1142 1083 1220 1133 175

110 1142 288 1197 Corpora
301 1149 410 1182 veste
431 1142 578 1191 levant,
598 1148 638 1180 et
656 1153 779 1180 succo
791 1138 953 1193 pinguis
973 1138 1069 1183 olivi

109 1198 420 1254 Splendescunt,
434 1197 585 1253 latique
600 1196 742 1237 ineunt
755 1194 976 1236 certamina
996 1194 1107 1237 disci.

109 1255 247 1300 Quem
261 1254 370 1310 prius
389 1254 514 1295 aerias
533 1253 723 1294 libratum
743 1251 924 1294 Phoebus
942 1251 985 1292 in
1005 1265 1118 1293 auras

109 1311 242 1363 Misit,
262 1320 303 1352 et
320 1311 521 1367 oppositas
536 1309 696 1367 disjecit
714 1309 893 1365 pondere
910 1309 1049 1350 nubes.

1238 272 1385 310 statuisset
1404 272 1434 302 in
1452 272 1641 314 ccelo‚Arny-

1237 313 1325 350 elide,
1337 314 1359 342 si
1377 313 1436 343 {itta
1451 315 1542 344 tristia
1566 325 1640 345 tern-

1238 366 1293 396 pus
1304 354 1491 385 indulsissent
1504 365 1641 387 statuen-

1237 398 1278 428 di.
1319 396 1433 427 Tamen
1465 399 1638 429 immortalis

1238 450 1280 475 es,
1315 441 1457 479 quantum
1489 439 1574 475 liet-u
1607 449 1638 471 et

1237 482 1352 522 quoties
1377 492 1426 511 ver
1460 481 1544 521 fugat
1574 481 1637 511 hic-

1237 534 1334 560 men13
1359 532 1448 562 atque
1468 522 1554 554 Aries
1570 523 1641 553 sub·

1237 568 1370 606 sequitur
1399 565 1512 595 Piscem
1550 575 1642 606 aquo-

1237 618 1315 645 sum,
1325 617 1357 637 tu
1367 609 1455 638 toties
1467 618 1601 648 appares,
1611 615 1642 637 et

1238 649 1324 679 fiores
1362 651 1392 679 in
1429 651 1513 680 viridi
1544 648 1642 691 glebii..

1240 691 1331 722 Meus
1368 699 1452 732 pater
1478 692 1585 733 Apollo
1611 699 1642 722 te

1240 735 1346 764 amavit
1373 745 1433 774 prae
1463 735 1588 771 caeeeris,
1610 742 1640 764 et

1240 775 1354 817 Delphi
1367 777 1415 806 siti
1426 777 1454 806 in
1467 775 1642 807 medioorbe

1144 803 1223 849 170
1240 818 1371 849 destituti
1408 827 1478 849 sunt
1518 827 1642 856 rectore,

1239 860 1310 891 dum
1318 860 1403 891 Deus
1409 860 1538 891 celebrat
1545 859 1645 893 Euro·

1239 910 1313 939 tarn,
1339 910 1370 933 et
1395 900 1530 944 Spartam
1556 901 1644 932 nullis

1240 945 1332 975 muris
1362 945 1489 974 cinctam
1499 957 1511 982 3
1542 954 1642 984 neque

1239 985 1370 1024 citharae,
1398 997 1493 1027 neque
1529 986 1644 1028 sagitta,-

1240 1028 1283 1058 illi
1296 1039 1374 1058 ωιτη
1385 1036 1464 1058 sunt.
1497 1026 1565 1069 lpse
1580 1038 1643 1058 suae

1239 1070 1400 1100 divinitatis
1433 1070 1541 1100 oblitus
1582 1079 1643 1100 non

1240 1112 1337 1142 renuit
1352 1120 1467 1152 portare
1482 1111 1581 1153 plagas
1593 1119 1646 1142 aut

1240 1161 1343 1184 tenere
1376 1164 1475 1191 canes,
1518 1161 1570 1184 aut
1601 1163 1645 1184 ire

1240 1197 1647 1237 comespercacuminamon·

1241 1239 1280 1268 tis
1300 1239 1419 1279 asperi:
1447 1245 1537 1279 atque
1564 1236 1645 1268 fovet

1239 1290 1370 1311 amorem
1404 1281 1492 1321 long&
1519 1289 1649 1310 consue-

1239 1322 1353 1353 tudine.
1432 1321 1563 1362 Jamque
1603 1320 1650 1352 sol

110 1368 275 1410 Recidit
288 1368 329 1410 in
342 1367 512 1410 solidam
533 1369 656 1422 longo
672 1374 761 1422 post
773 1376 954 1421 tempore
969 1373 1116 1407 terram
1142 1369 1222 1406 180
1240 1373 1304 1395 ‘rat
1332 1364 1394 1395 fere
1413 1364 1527 1395 medius
1550 1364 1647 1395 ¹¹0&ss

109 1424 297 1467 Pondus:
319 1435 359 1466 et
378 1425 561 1466 exhibuit
571 1424 759 1481 junctam
781 1437 874 1464 eum
891 1421 1040 1464 viribus
1061 1431 1203 1465 artem.

109 1481 297 1524 Protinus
313 1482 560 1538 imprudenS,
576 1490 770 1536 actusque
789 1479 980 1536 cupidine
1003 1481 1103 1531 ludi,

110 1538 274 1580 Tollere
291 1539 524 1580 Taenarides
542 1540 681 1580 orbem
702 1538 965 1594 properabat:
989 1545 1031 1578 at
1048 1538 1166 1580 illum

112 1594 229 1637 Dura
244 1605 522 1651 ‘repercussum
543 1594 715 1651 subjecit
733 1594 776 1636 in
796 1601 889 1636 aera
908 1596 1026 1635 tellus

110 1651 162 1694 In
180 1654 327 1704 vultus,
349 1652 597 1708 Hyacinthe,
619 1661 724 1694 tuos.
756 1650 968 1706 Expalluit
983 1652 1112 1706 aeque,
1145 1654 1222 1692 185

1241 1408 1396 1448 praeteritae
1418 1415 1449 1437 et
1463 1407 1651 1448 subsequen-

1242 1452 1292 1487 tis,
1313 1458 1343 1480 et
1357 1449 1484 1480 distabat
1505 1450 1646 1490 utrinque

1241 1491 1346 1533 aeqnzili
1358 1489 1648 1522 intervallo.T011unt

1241 1535 1387 1564 aniictum
1415 1534 1434 1564 a
1455 1543 1588 1575 corpore,
1619 1540 1650 1563 et

1242 1576 1358 1618 fulgent
1382 1575 1506 1606 humore
1528 1576 1649 1617 pinguis

1242 1619 1313 1655 olei,
1321 1628 1410 1659 atque
1418 1619 1539 1648 veniunt
1550 1619 1579 1648 in
1588 1627 1652 1648 cer·

1242 1668 1342 1691 tamen
1356 1661 1425 1690 vasti
1439 1660 1522 1690 disci.
1543 1658 1648 1693 Quem

1245 1703 1314 1733 ante
1353 1702 1494 1732 libratum
1535 1700 1646 1743 Apollo

109 1741 187 1781 jecit
200 1743 232 1771 in
244 1747 341 1772 aerem
355 1749 384 1774 et
396 1742 531 1773 discussit
555 1742 647 1773 nubes
662 1743 792 1782 objectas
806 1741 946 1783 pondere.
988 1739 1106 1772 Pondus
1132 1742 1235 1773 recidit
1251 1746 1281 1774 in
1303 1743 1404 1774 duram
1426 1753 1532 1774 terram
1556 1744 1648 1785 longo

194 1791 338 1825 ternpore,
355 1791 384 1814 et
406 1785 535 1815 ostendit
560 1784 640 1814 illius
663 1785 812 1825 peritiam,
827 1783 959 1813 simulet
973 1784 1057 1813 vires.
1089 1782 1254 1816 'Continuo
1274 1787 1443 1817 temerarius
1464 1785 1646 1823 Taenarides,

111 1824 259 1865 impulsus
273 1825 415 1855 desiderio
431 1826 502 1863 ludi,
520 1825 674 1856 festinabat
690 1826 793 1857 tollere
804 1825 933 1856 discum:
959 1833 989 1854 at
1004 1825 1095 1856 solida
1106 1834 1180 1856 terra
1191 1838 1307 1860 sursum
1316 1829 1392 1869 jecit
1402 1837 1604 1871 repercussum
1613 1827 1646 1858 in

113 1871 211 1903 altem
227 1877 316 1909 super
331 1867 436 1898 faciem
447 1875 540 1907 tuam,
550 1867 732 1910 Hyacinthe.
753 1869 757 1873 '
774 1867 842 1910 Ipse
852 1866 936 1898 Deus
951 1869 1035 1909 aeque
1049 1868 1201 1910 expalluit,

809 1997 951 2031 NOTAE.

160 2061 232 2090 162.
245 2057 415 2100 Amyclide]
440 2056 627 2100 Hyacinthus
652 2066 699 2089 est
711 2057 857 2100 Amyclae,

118 2100 307 2140 Amyclamm
318 2102 349 2131 in
364 2099 496 2131 Laconia
508 2101 676 2138 conditoris,
692 2101 778 2132 filius.

164 2145 235 2172 16⁵.
247 2143 344 2182 Aries]
360 2141 423 2177 Qui
433 2144 514 2174 sidus
524 2144 607 2174 estin
620 2143 751 2180 zodiaco,
763 2143 854 2185 quod,

117 2184 228 2215 relictis
241 2182 388 2221 Piscibus,
404 2193 558 2226 postquam
572 2185 614 2215 sol
637 2192 680 2215 est
695 2187 854 2226 ingressus,

117 2226 277 2267 benignius
293 2227 386 2257 radios
401 2237 469 2258 suos
480 2228 516 2257 ad
528 2238 580 2257 nos
595 2229 780 2266 transmittit,
792 2238 856 2258 ver-

117 2268 276 2309 nalemque
287 2277 345 2298 tem
369 2278 490 2299 estatem
504 2268 635 2300 inchoat.

123 2328 134 2337 .
163 2317 175 2340 ι
183 2314 233 2340 66.
248 2311 346 2341 Fcores
386 2310 466 2346 Quia
480 2312 510 2342 in
522 2311 624 2343 florem
635 2319 763 2343 mutatus
776 2311 858 2354 Hya-

30 2380 32 2382 .
168 2351 249 2383 thus.

86 2340 233 2425 θ168.
247 2394 362 2435 Medio]
380 2394 517 2427 Lutatius
527 2406 676 2438 exponens
688 2395 759 2426 illud
770 2394 857 2426 Statii

119 2435 173 2466 lib.
190 2442 218 2466 1.
235 2435 380 2467 Thebaid.
401 2438 506 2469 Audiit
521 2443 548 2468 et
563 2440 673 2469 medius
696 2439 758 2469 coeli
781 2438 857 2468 Par-

119 2478 248 2515 nasius,
273 2480 314 2509 aie
339 2480 458 2517 scribit3
499 2478 583 2511 Beue
619 2482 752 2518 medius;
787 2491 855 2510 nam

118 2520 190 2556 >cnm
215 2518 335 2560 Jupiter
358 2522 488 2553 medium
514 2523 616 2553 mundi
647 2523 744 2554 locum
770 2522 858 2552 vellet

119 2571 290 2602 agnoscere,
305 2562 375 2594 duas
385 2565 495 2605 aquilas
508 2565 550 2597 ab
565 2574 632 2596 ortu
653 2575 685 2596 et
699 2574 803 2595 occasu
814 2563 858 2594 di-

121 2604 235 2633 misisse
252 2603 352 2642 fertur,
373 2617 439 2646 quae
453 2608 550 2637 volatu
570 2608 652 2638 lassae
677 2609 706 2638 in
725 2606 858 2638 Parnassi

121 2647 230 2678 vertice
244 2646 428 2686 quieverunt,
463 2660 531 2680 uem
556 2649 723 2681 Scrahuaebu
736 2649 791 2685 τῆς
805 2650 859 2687 γῆς

82 2718 87 2723 ,
121 2688 252 2727 ὀμφαλὸν
271 2688 410 2728 appellat:
435 2660 490 2721 Uel
512 2692 590 2732 qnod
603 2693 768 2733 cataclysmi
782 2702 858 2723 tem-

119 2739 206 2802 ppre,
242 2729 339 2760 Terra
364 2730 469 2770 ficerat
502 2733 655 2764 discrimen
690 2740 717 2765 ec
759 2735 857 2766 astris·

153 2781 241 2802 ucan.

168 2817 241 2848 16⁹.
256 2813 407 2857 Eurotan]
446 2814 509 2852 Qui
521 2816 626 2851 fluvius
646 2804 691 2851 esi
703 2815 855 2858 Laconia,

901 2058 1041 2100 Amyclas
1057 2058 1222 2101 Hyacinthi
1236 2063 1360 2104 patriam
1375 2063 1587 2106 praeterfluens.

943 2099 989 2132 Ib.
1003 2103 1211 2143 Immunitam]
1230 2119 1232 2122 ·
1252 2104 1373 2147 Quippe
1388 2117 1476 2146 quam
1499 2107 1570 2138 satis
1593 2106 1639 2137 ci·

899 2145 979 2174 vium
991 2146 1096 2176 virtute
1108 2146 1284 2178 custoditam
1300 2147 1520 2180 Lacedaemonii
1535 2150 1586 2180 diu
1595 2159 1640 2180 ar·

899 2185 999 2217 bitrati
1014 2196 1094 2218 sunt.
1492 2219 1497 2224 ,

914 2270 920 2277 ·
947 2235 1015 2264 170.
1037 2229 1170 2260 Cuharoe
1179 2235 1206 2260 et
1217 2231 1345 2272 sagitte]
1372 2230 1451 2266 Quoe
1464 2241 1536 2264 sunt
1545 2232 1640 2275 Apol·

901 2268 970 2300 linis
983 2272 1038 2301 insi
1084 2273 1119 2302 ia.

947 2319 1016 2348 174.
1080 2315 1162 2345 edius
1179 2315 1280 2355 Titan]
1307 2314 1451 2346 Meridies
1463 2325 1534 2347 erat.

945 2360 1014 2390 177.
1038 2356 1136 2397 Disct]
1163 2355 1225 2390 Qui
1242 2358 1319 2388 orbis
1331 2357 1387 2388 fuit
1409 2369 1445 2388 ex
1461 2359 1551 2397 ferro,
1570 2369 1640 2396 atre,

900 2396 1007 2437 lapide,
1038 2397 1119 2438 ligno
1145 2401 1249 2434 etiam;
1289 2411 1378 2440 quern
1404 2401 1534 2432 medium
1567 2402 1642 2437 loro,
1674 2420 1678 2424 ⁴

899 2440 1008 2469 amenti
1028 2440 1091 2470 vice
1120 2442 1274 2481 trajectum
1302 2444 1342 2472 ita
1376 2444 1407 2473 in
1428 2443 1556 2473 sublime
1579 2443 1641 2482 jaci

899 2481 1065 2553 qportebat,
1090 2490 1124 2514 ut
1146 2485 1222 2514 intra
1250 2486 1433 2527 praescriptos
1456 2485 1530 2516 fines
1561 2484 1644 2515 deci-

923 2532 994 2554 eret.

947 2573 1017 2598 183.
1028 2568 1206 2609 Taenarides]
1225 2567 1413 2610 Hyacinthus
1424 2566 1646 2605 Lammina,

901 2618 972 2638 naro
986 2608 1126 2640 Laconiae
1140 2613 1341 2652 promontorio
1352 2612 1394 2641 sic
1407 2611 1513 2639 dictus.
1570 2621 1573 2624 ·

946 2658 1016 2682 184.
1032 2652 1134 2692 Dura]
1163 2651 1335 2694 Zephyrum
1351 2652 1498 2692 Apollinis
1521 2650 1640 2683 rivalem

900 2700 929 2724 et
943 2694 997 2724 sibi
1015 2695 1045 2724 in
1059 2705 1158 2725 amore
1173 2695 1284 2735 praelati
1307 2693 1498 2724 vehementer
1518 2693 1640 2724 flantem

899 2735 1047 2766 divertisse
1069 2736 1184 2767 discum
1207 2739 1236 2766 in
1266 2737 1349 2777 pueri
1375 2745 1476 2777 caput,
1507 2735 1641 2766 scribunt

898 2775 1084 2818 Palaephatus
1104 2779 1144 2808 lib
1163 2778 1372 2808 1.et'l'zetzes
1391 2784 1419 2808 1.
1448 2776 1530 2808 Chii.
1547 2785 1596 2808 11.
1611 2784 1642 2809 et

898 2817 1048 2853 Lucianua
1064 2821 1095 2852 in
1110 2818 1243 2861 Dialogo
1255 2819 1412 2860 Apollinis
1421 2827 1452 2852 et
1466 2818 1586 2852 Marti·-

1217 2877 1306 2915 112
