1824 2991
636 545 871 600 LIBER
919 545 1028 599 III.

564 759 1107 801 ARGUMENTUM.

119 885 123 891 ’
143 878 263 922 HIC
284 879 452 935 Agenor
468 876 666 920 Cadmum
673 879 797 934 jubet
801 878 945 933 filiam
965 879 1148 919 amissam
1164 877 1419 932 investigare.
1471 875 1630 939 Qum„

85 952 181 993 dum
200 951 268 993 ille
274 950 409 1008 facit,
441 951 462 990 ἑ
485 950 672 992 dentibus
690 951 884 991 draconis
898 952 1016 991 occisi
1035 951 1079 991 in
1099 949 1207 991 terra
1226 950 1328 991 satis
1349 956 1592 991 enascuntur
1615 940 1617 944 ¹

87 1023 281 1073 homines‚·
310 1037 398 1064 cum
418 1021 562 1078 quibus
580 1021 648 1063 ille
675 1021 816 1062 deinde
845 1022 998 1063 Thebas
1025 1022 1219 1063 condidit.
1289 1022 1397 1062 Huic
1411 1020 1592 1076 primum

86 1095 204 1138 valde
223 1094 405 1135 luctuosa
412 1092 508 1150 fuit
527 1094 678 1149 nepotis
697 1094 901 1134 Actaeonis
920 1095 963 1134 in
984 1109 1141 1135 cervum
1161 1093 1310 1134 mutati
1328 1093 1566 1135 dilaceratio
1580 1110 1593 1135 ,·

49 1208 52 1211 ,
85 1168 267 1225 quamvis
284 1167 322 1209 J
321 1167 444 1208 unani
461 1174 586 1220 grata
594 1164 748 1222 fuerit,
766 1180 855 1221 quae
874 1164 1052 1207 Semelen
1061 1165 1249 1225 pellicem
1266 1164 1419 1206 oderat.
1474 1164 1595 1206 Ideo-

88 1254 164 1296 que
183 1239 239 1280 ad
257 1239 387 1294 ipsam
411 1237 612 1294 subfacie
629 1237 782 1280 Bero’e's
806 1238 973 1278 nutricis
992 1238 1195 1289 accedens,
1227 1244 1395 1278 mortem
1414 1235 1478 1277 illi
1488 1251 1593 1291 pro·

87 1313 257 1352 curavit.
319 1309 456 1350 Paulo
478 1317 574 1365 post
603 1310 771 1365 Jupiter
789 1323 877 1350 cum
899 1310 935 1351 J
936 1323 1064 1350 unone
1091 1309 1312 1364 disputans,
1340 1316 1436 1351 utra
1462 1307 1597 1351 Venus

89 1391 185 1426 esset
219 1383 397 1433 suavior,
439 1381 636 1423 Tiresiam
668 1381 833 1423 adhibet
862 1381 1084 1423 arbitrum.-
1115 1381 1435 1437 quandoquidem
1461 1378 1597 1424 sexum

86 1464 299 1513 utrumque
303 1454 455 1511 ficerat
474 1461 668 1508 expertus.
728 1452 790 1504 Is,
813 1452 898 1494 latei
920 1460 1059 1494 contra
1082 1453 1119 1495 J
1120 1467 1288 1494 unonem
1307 1453 1521 1506 sententia,
1541 1453 1594 1494 ab

88 1526 163 1568 illd
184 1526 342 1584 quidem
362 1528 444 1568 visu
459 1525 660 1581 privatus,
680 1523 705 1566 ὰ
727 1525 833 1567 Jove
853 1532 985 1573 autem
1005 1524 1260 1566 vaticinandi
1278 1525 1486 1566 scientiam
1504 1518 1598 1567 con-

88 1609 241 1642 secutus
261 1606 332 1642 est.
393 1597 582 1639 Primum
602 1604 736 1638 autem
757 1598 840 1653 ejus
859 1597 1063 1638 oraculum
1091 1597 1134 1638 in
1158 1596 1345 1637 Narcisso
1366 1596 1599 1651 comproba-

91 1680 176 1714 tum
181 1670 304 1728 fuit:
339 1671 410 1727 qui
430 1669 518 1712 cum
533 1670 691 1725 puellas
715 1684 860 1720 omneS,
891 1670 996 1711 inter
1027 1685 1125 1726 quas
1142 1677 1190 1712 et
1219 1669 1332 1711 Echo
1346 1685 1434 1725 prce
1454 1672 1599 1712 amoris

89 1741 347 1798 impatienti&
375 1743 419 1783 in
453 1757 585 1784 vocem
606 1740 757 1797 fuerat
790 1756 990 1794 conversa,
1029 1742 1346 1797 contempsisset‚·
1378 1743 1444 1783 sui
1474 1742 1600 1797 ipsius

91 1814 262 1870 denique
293 1828 427 1854 amore
462 1813 749 1865 contabescens,
784 1814 828 1854 in
850 1814 1002 1867 florem
1035 1821 1213 1856 mutatus
1250 1821 1319 1855 est.
1394 1813 1601 1856 Pentheus

91 1893 225 1927 tamen
257 1892 387 1927 vatem
415 1885 518 1926 hunc
547 1885 758 1935 irridebat,
789 1900 1033 1942 quamquam
1054 1894 1092 1927 et
1111 1887 1191 1942 ipsi
1221 1901 1316 1928 ‘cera
1334 1887 1597 1942 praedixerat.

94 1956 203 1999 Nam
224 1958 317 1998 cum
340 1956 497 1998 Bacchi
518 1957 814 1998 celebrarentur
839 1956 985 2015 Orgia,
1006 1957 1081 1999 ille
1080 1957 1291 2014 famulum
1314 1958 1514 2014 quendam
1531 1973 1600 2000 sa-

89 2043 258 2080 crorum,
275 2036 490 2084 postquam
508 2036 652 2070 nautas
671 2029 714 2069 in
728 2029 857 2084 pisces
862 2028 1002 2086 fuisse
1015 2029 1326 2086 transformatos
1344 2031 1396 2071 ab
1417 2045 1460 2072 eo
1480 2031 1600 2072 intel-

90 2100 255 2151 lexerat,
273 2100 316 2141 in
335 2100 498 2143 vincula
520 2101 689 2158 conjecit
705 2119 717 2142 :
739 2109 775 2142 et
797 2102 889 2143 inde
908 2104 933 2143 ἁ
956 2101 1131 2145 Bacchis
1136 2101 1233 2158 fuit
1252 2102 1482 2158 discerptus.
1543 2102 1601 2145 Id

91 2171 199 2228 quod
215 2184 408 2226 magnam
427 2173 540 2229 apud
556 2188 686 2215 omnes
690 2173 822 2228 fidem
842 2175 967 2216 sacris
987 2174 1231 2217 conciliavit.
