1824 2991
128 128 168 169 iv
570 132 575 137 ⁴
779 127 983 170 INDEX.

138 216 288 270 Apollo
307 214 349 254 in
369 222 567 266 pastorem

140 272 282 314 Battus
303 271 344 310 in
367 271 540 324 lapidem
564 270 738 311 indicem
822 276 867 312 ll

140 329 336 382 Agraulos
357 326 545 381 Cecropis
568 327 650 367 filia
671 327 710 367 in
732 341 871 368 saxum

823 388 873 424 12

141 438 310 480 Invidiae
332 439 472 479 domus
489 438 703 493 descriptio

257 519 312 526 —
333 495 482 535 effictio

142 551 303 605 Jupiter
323 551 363 591 in
379 561 536 590 taurum
826 556 874 592 13

143 607 306 661 Europa
327 621 375 647 ex
408 606 620 649 Phoenicia
648 606 689 648 in
716 608 875 649 Cretam

199 664 363 705 advecta

388 833 519 874 Luam
557 831 635 874 111.

144 942 378 985 Dascoms
398 945 535 984 dentes
561 943 604 983 in
624 942 725 984 viros
749 956 880 983 arma-

200 1011 259 1039 tos
734 999 837 1041 FAB.
860 1003 876 1038 1

147 1056 323 1096 Cadmus
340 1055 513 1096 Boeotiae
530 1055 713 1096 conditor
854 1059 881 1094 2

143 1113 316 1153 Actaeon
337 1111 375 1151 in
400 1125 561 1151 cervum

145 1167 332 1209 Bacchus
344 1181 393 1207 ex
411 1167 573 1208 Semele
586 1167 728 1208 Cadmi
740 1166 824 1207 filia
853 1171 878 1207 3

143 1224 169 1266 J
175 1238 255 1264 uno
276 1224 317 1263 in
338 1237 461 1263 anum

146 1279 301 1333 Bacchi
322 1279 507 1319 educatio

144 1334 316 1377 Tiresias
336 1335 376 1374 in
398 1335 610 1377 foeminam
853 1340 881 1376 4

145 1414 202 1424 —
335 1391 377 1430 in
398 1405 552 1432 marem

143 1444 263 1489 Echo
283 1446 325 1486 in
346 1461 486 1487 vocem
855 1452 880 1488 5

143 1503 351 1544 Narcissus
372 1502 413 1542 in
433 1503 570 1543 florem
855 1507 881 1543 6

146 1558 349 1601 Pentheus
375 1568 513 1599 contra
525 1558 736 1601 Bacchum
749 1560 883 1600 furens

145 1671 332 1712 Bacchus
353 1670 393 1711 in
409 1684 577 1725 puerum
854 1676 881 1712 8

147 1726 343 1782 Tyrrheni
362 1735 493 1769 nautae
514 1728 557 1768 in
571 1728 779 1782 delphines
830 1733 881 1768 10

148 1782 317 1824 Penthei
339 1797 446 1823 mors

393 1948 524 1993 Luam
555 1950 626 1993 IV.

148 2064 321 2107 sssccm
338 2064 502 2105 nomina
737 2060 841 2105 FAB.
861 2068 877 2104 1

105 2158 112 2169 ,
149 2120 335 2162 Dercetis
356 2118 579 2174 Babylonia
599 2119 638 2159 in
660 2119 811 2173 piscem

147 2176 383 2218 Semiramis
403 2174 443 2217 in
460 2177 690 2217 columbam

147 2231 276 2274 Nais
267 2248 305 2273 ιη
329 2234 479 2287 piscem

149 2288 269 2330 Mora
295 2304 343 2329 ex
374 2289 473 2328 albis
501 2287 612 2340 nigra
650 2287 806 2341 Pyrami
841 2296 881 2326 et

203 2343 374 2385 Thisbes
392 2344 586 2399 sanguine
606 2342 750 2384 eflecta
855 2347 882 2382 2

146 2399 315 2441 Veneris
335 2415 428 2440 cum
450 2400 583 2440 Marte
597 2398 838 2440 adulterium
855 2403 880 2439 3

148 2455 415 2497 Leucothoe
406 2471 445 2495 ιη
467 2452 593 2496 thuris
613 2457 794 2495 arborem

150 2512 287 2564 Clytie
308 2512 348 2552 in
371 2511 579 2564 heliotrop.
601 2511 767 2550 herbam

125 2592 127 2595 ·
149 2567 336 2620 Daphnis
356 2567 484 2607 ldaeus
506 2567 546 2606 in
567 2580 705 2607 saxum

148 2623 327 2676 Scython
350 2623 390 2663 in
408 2623 619 2663 foeminam

151 2677 301 2718 Celmis
318 2693 415 2732 puer
434 2679 474 2719 in
496 2679 749 2718 adamantem

154 2734 303 2776 Crocus
323 2748 417 2776 cum
431 2735 606 2776 Smilace
620 2735 661 2775 in
683 2734 800 2776 flores

855 2516 883 2774 oeqoevvnsk

921 217 1158 258 Salmacidis
1178 218 1298 259 fontis
1318 226 1458 260 natura
1634 223 1660 258 9
1720 210 1723 211 ⁷

924 273 1287 327 Hermaphroditus
1314 290 1406 316 cum
1429 274 1664 316 Salmacide

982 332 1160 383 nympha
1175 333 1386 395 copulatus

926 385 1184 439 Minyeides
1175 402 1223 427 m
1239 387 1536 451 vespertiliones
1612 390 1663 426 lo

925 442 1001 482 Ino
1016 442 1268 484 Athamantis
1286 459 1383 484 uxor
1397 444 1436 483 in
1456 444 1574 484 deam
1611 447 1654 483 ll

926 498 1014 538 viae
1034 499 1082 538 ad
1102 499 1245 540 inferos
1260 500 1474 554 descriptio

926 556 1037 597 Juno
1055 555 1102 594 ad
1126 555 1270 596 inferos

927 610 1138 651 Melicerta
1157 613 1195 651 in
1214 612 1334 652 deum
1357 611 1558 652 marinum

928 665 1106 706 Comites
1123 667 1241 707 Inus
1232 683 1272 707 in
1292 682 1385 708 saxa
1404 677 1443 707 et
1458 681 1549 707 aves
1613 673 1662 708 12

928 721 1103 762 Cadmus
1118 737 1210 764 cum
1227 738 1349 764 uxore
1367 724 1407 764 in
1421 737 1594 778 anguem
1611 727 1658 763 13

928 777 1118 832 Jupiter
1110 793 1149 819 tn
1170 794 1312 821 aurum
1611 783 1646 819 l
1635 785 1663 819 4

926 833 1056 874 Persei
1075 842 1186 886 gesta

929 890 1069 928 Guttae
1088 890 1292 943 sanguinis
1308 890 1493 930 Medusae
1523 888 1663 944 capitis

986 946 1025 984 in
1048 954 1248 998 serpentes

929 1000 1041 1040 Atlas
1062 1000 1101 1040 in
1125 1009 1303 1041 montem
1527 1042 1532 1047 ,

928 1056 1187 1096 Andromeda
1208 1065 1297 1096 ceto
1317 1056 1495 1110 exposita

930 1111 1112 1164 Virgulta
1130 1112 1168 1152 in
1191 1114 1338 1153 coralia

929 1168 1202 1208 Andromedae
1219 1168 1429 1221 Perseique
1446 1167 1597 1222 nuptiae
1614 1169 1660 1217 17
1680 1202 1691 1209 ,
1717 1214 1719 1217 ,

931 1223 1102 1277 Pegasus
1129 1238 1252 1279 equus
1280 1226 1408 1265 alatus
1429 1226 1450 1264 ὲ
1469 1224 1663 1278 sanguine

987 1280 1170 1320 Medusae

931 1335 1115 1378 Medusae
1135 1335 1269 1391 capilli
1291 1336 1335 1377 in·
1349 1343 1549 1391 serpentes

1585 1008 1592 1011 ”
1614 1004 1662 1040 15

1613 1061 1663 1096 16

1185 1491 1319 1547 Ltmu
1354 1500 1408 1545 V.

931 1616 1164 1658 CRPHENEI
1185 1618 1375 1659 Perseum
1388 1624 1666 1672 oppugnantes

987 1673 1028 1714 in
1047 1687 1140 1713 saxa
1516 1672 1549 1712 F
1550 1687 1619 1714 AB.
1643 1678 1660 1712 l

932 1729 1171 1783 Cephenum
1194 1727 1622 1782 tumultusdescriptio

929 1785 1106 1826 Phineus
1123 1785 1276 1839 Cephei
1294 1786 1412 1825 frater
1435 1785 1476 1825 in
1491 1793 1663 1824 statuam

930 1840 1095 1881 Proteus
1116 1841 1155 1880 in
1177 1841 1352 1895 lapidem
1636 1844 1665 1880 2

931 1896 1166 1950 Polydectes
1187 1896 1227 1936 in
1248 1910 1389 1936 saxum
1638 1899 1663 1936 3

929 1951 1211 2006 Hippocrenes
1229 1952 1349 1992 fontis
1369 1950 1582 2006 descriptio
1636 1958 1666 1992 4

931 2007 1099 2062 Pyrenei
1119 2007 1374 2062 sacrilegium

933 2064 1066 2104 Musae
1088 2064 1129 2103 in
1148 2077 1238 2103 aves

932 2119 1284 2174 Gigantomachiae
1299 2118 1515 2173 descriptio
1638 2123 1665 2159 5

928 2176 1089 2230 Jupiter
1109 2175 1148 2219 in
1162 2175 1327 2216 arietem

929 2230 1108 2285 Apollo
1098 2245 1139 2271 m
1161 2245 1330 2272 corvum

931 2287 977 2327 Β
970 2287 1141 2327 rcchus
1132 2302 1173 2327 1n
1190 2301 1356 2342 caprum

928 2342 1062 2384 Diana
1083 2343 1122 2383 in
1143 2344 1264 2383 felem

929 2400 1041 2440 Juno
1058 2399 1097 2438 in
1118 2413 1281 2439 vaccam

932 2455 1068 2495 Venus
1090 2455 1129 2494 in
1151 2455 1302 2508 piscem

932 2511 1158 2551 Mercurius
1179 2510 1220 2550 in
1237 2510 1335 2549 ibim
1637 2512 1662 2548 6

935 2566 1087 2605 Cereris
1107 2566 1241 2605 laudes

935 2621 1180 2675 Proserpinae
1200 2628 1333 2674 raptus

935 2677 1121 2730 Pergusae
1137 2678 1244 2716 lacus
1264 2674 1478 2729 descriptio

934 2734 1068 2787 Cyane
1089 2747 1138 2787 n)
1143 2732 1295 2787 mpha
1284 2746 1326 2773 m
1340 2741 1527 2785 stagnum
