1824 2991
601 155 999 201 METAMORPH.
1023 157 1125 199 Lm.
1150 157 1243 199 XV.

1589 161 1672 212 447

146 249 242 293 Vidi
262 261 352 303 ego,
372 247 481 304 quod
497 248 624 289 fuerat
640 248 845 304 quondam
863 247 1102 288 solidissima
1121 247 1255 297 tellus,
1276 243 1343 287 Ego
1352 245 1410 276 vidi
1421 257 1484 278 ‘²⁵³2
1495 257 1584 285 mare,
1596 249 1676 290 ΨΜ

146 307 246 349 Esse
266 307 426 347 fretum.
487 304 582 347 Vidi
602 306 725 346 factas
744 319 796 345 ex
816 318 977 360 aequore
998 312 1144 346 terras:

144 363 202 405 Et
212 363 361 418 ‘procul
382 363 405 402 Ξι
426 363 570 417 pelago
590 362 760 402 conchae
774 361 940 417 jacuere
961 360 1129 406 marinae
1141 374 1154 411 ς

1276 288 1371 318 fuerat
1385 289 1454 319 olim
1472 299 1546 321 term
1571 291 1677 325 firmis·

1276 331 1360 360 sima.
1411 329 1478 360 Vidi
1511 341 1599 364 terras
1625 345 1678 364 na-

1276 380 1367 402 tauex
1382 373 1474 402 mari:
1497 382 1584 415 atque
1605 386 1678 406 con-

143 419 202 462 Et
223 428 335 461 vetus
356 420 518 460 inventa
551 425 610 459 est
631 418 674 459 in
709 418 913 459 montibus
938 417 1116 458 anchora
1147 430 1258 457 sum·
1277 412 1343 443 ⁶¹¹ae
1358 416 1592 456 marinaenparsae
1607 425 1678 449 sunt

323 474 414 516 mis.

1176 477 1258 514 265
1278 455 1365 504 longe
1386 457 1403 486 ὲ
1424 458 1516 487 mari:
1554 468 1584 488 ct
1626 471 1679 489 an-

1279 506 1360 539 uqua
1373 498 1499 529 anchora
1511 509 1623 541 reperta
1635 510 1680 532 est

148 533 356 588 Quodque
376 531 453 573 fuit
472 544 654 586 campus,
665 531 812 571 vallem
835 530 1023 572 decursus
1043 543 1240 586 aquarum
1277 540 1307 569 in
1342 542 1486 581 supremis
1517 544 1680 574 montibus.

147 589 288 632 Fecit:
319 596 359 628 et
378 588 510 630 eluvie
531 602 647 629 mons
666 596 725 628 est
744 587 940 629 deductus
960 588 1001 628 in
1018 600 1180 642 aequor:

108 675 110 677 -
146 645 264 701 Eque
283 645 476 700 paludosa
489 645 606 686 siccis
627 644 775 685 humus
793 654 877 685 aret
896 644 1048 695 arenis3

1277 581 1388 612 Fluxus
1414 594 1554 624 aquarum
1580 584 1681 616 effecit

1277 624 1392 673 uallem,
1414 626 1494 666 quod
1515 625 1571 656 fuit
1587 627 1683 668 plani·

1276 674 1350 702 ties;
1374 675 1500 698 etmons
1525 677 1569 699 est
1584 678 1680 699 muta-

139 703 296 757 -Quaeq3
309 702 417 743 sitim
433 703 623 752 tulerant,
638 709 818 755 stagnata
831 700 1045 756 paludibus
1055 700 1242 742 hument.
1278 713 1325 738 tus
1340 709 1370 739 in
1385 709 1538 750 planitiem
1554 711 1681 748 diluvim

145 759 233 801 Hic
254 761 384 800 fontes
402 759 558 800 Natura
579 772 700 799 novos
719 758 866 809 emisit,
886 766 927 798 at
947 757 1032 799 illic

147 815 303 869 Clausit
320 832 331 859 z
361 826 402 856 et
421 815 596 870 antiquis
615 828 808 855 concussa
818 815 1066 856 ‘tremoribus
1085 814 1191 856 orbis

153 872 349 914 Flumina
369 872 606 927 prosiliunt3
637 880 706 912 aut
725 880 934 913 excoecata
953 872 1147 914 residunt.

153 929 225 970 Sic
245 929 317 970 ubi
337 936 497 970 terreno
516 928 652 982 Lycus
672 936 732 968 est
753 936 893 983 epotus
909 926 1036 980 hiatu,

147 985 316 1028 Exsistit
334 987 477 1041 procul
497 985 608 1035 hinc,
627 985 786 1040 alioque
805 985 1027 1026 renascitur
1044 999 1127 1026 ore.

1174 759 1262 808 270
1276 759 1366 800 atque
1395 759 1472 782 terra
1494 753 1570 794 riget
1598 754 1685 784 siccin

1276 793 1383 834 glareis
1407 804 1441 824 ex
1468 795 1625 835 paludes&
1649 803 1681 826 et

1277 846 1346 876 quae
1385 837 1449 866 loca
1480 838 1557 867 sicca
1597 846 1681 868 erant

1277 918 1406 950 humidis
1421 920 1577 960 paludibus
1597 933 1682 953 occu·

1274 966 1359 1002 pata.
1402 961 1463 992 Hic
1479 972 1581 994 natura
1599 973 1682 1006 pate·

1277 1003 1347 1034 fecit
1360 1014 1447 1034 novos
1460 1004 1567 1043 fontes,
1579 1015 1608 1036 at
1619 1005 1682 1038 illic

149 1042 221 1084 Sic
257 1043 380 1085 modo
400 1042 674 1085 combibitur:
705 1050 814 1083 tecto
835 1041 957 1083 mode»
989 1042 1152 1097 gurgite
1172 1042 1260 1095 lap·
1278 1047 1431 1087 repressio
1455 1055 1485 1078 et
1499 1048 1578 1078 fluvii
1601 1050 1681 1079 exci-

324 1113 389 1140 SUS

147 1155 347 1198 Redditur
365 1155 567 1210 Argolicis
584 1155 725 1210 ingens
745 1155 939 1197 Erasinus
978 1156 1020 1197 in
1041 1155 1156 1197 arvis.

146 1213 204 1254 Et
224 1212 389 1267 Mysum
407 1212 628 1267 capitisque
643 1212 703 1253 sui
723 1212 901 1267 ripaeque
921 1213 1062 1266 prioris

149 1269 393 1310 Poenituisse
411 1269 559 1319 ferunt,
577 1269 657 1309 alia
677 1283 787 1310 nunc
804 1269 874 1319 ire,
903 1269 1086 1310 Caicum.

150 1325 242 1367 Nec
263 1340 343 1366 non
365 1325 546 1366 Sicanias
560 1326 722 1366 volvens
742 1326 977 1366 Amenanus
995 1339 1134 1367 arenas

1280 1089 1331 1118 tati
1346 1090 1474 1129 antiquis
1494 1098 1578 1121 terrae
1593 1092 1682 1122 moti-

1279 1129 1334 1159 bus
1357 1141 1526 1171 erumpunt,
1553 1141 1604 1162 aut
1626 1133 1682 1164 ob·

1278 1174 1367 1202 turati
1380 1174 1520 1204 residunt.
1542 1173 1590 1204 Ita
1601 1184 1682 1216 post-

1279 1225 1366 1253 quam
1384 1214 1481 1256 Lycus
1501 1225 1545 1246 est
1559 1216 1681 1258 absorp-

1278 1264 1325 1286 tus
1341 1256 1424 1287 hiatu
1439 1265 1569 1295 terreno,
1582 1269 1680 1290 etum·

1278 1300 1323 1339 pit
1336 1298 1404 1328 hinc
1418 1300 1531 1339 procul,
1547 1308 1575 1330 et
1588 1312 1682 1332 exun-

1277 1341 1326 1370 dat
1338 1341 1395 1371 alio
1410 1343 1496 1371 ostio.
1540 1341 1586 1373 Ita
1598 1354 1680 1385 mag·

1178 1101 1260 1149 275

148 1381 397 1433 Nuncfluit3
417 1382 620 1424 interdum
635 1382 852 1437 suppressis
866 1383 1043 1424 fontibus
1057 1390 1157 1426 aret.
1176 1385 1262 1422 280
1279 1393 1334 1412 nus
1388 1382 1547 1423 Erasinus-⁴
1587 1387 1680 1416 modo

149 1440 258 1480 Ante
279 1439 490 1481 bibebatur
502 1454 513 1490 ;
544 1452 654 1480 nunc
674 1453 770 1494 quas
790 1439 1025 1493 contingere
1043 1439 1148 1480 nolis

1277 1425 1460 1463 absorbetur,
1481 1426 1571 1457 modo
1583 1428 1677 1458 fluens

1278 1475 1381 1508 operto
1412 1470 1530 1511 gurgite
1552 1473 1680 1500 renasci-

149 1495 480 1550 FunditAnigros
490 1509 624 1550 aquas:
640 1503 851 1551 postquam
862 1495 955 1549 (uisi
963 1495 1118 1537 vatibus
1128 1495 1261 1537 omnis
1279 1518 1327 1539 mr
1360 1510 1391 1539 in
1421 1513 1533 1552 campis
1547 1512 1602 1550 ,Ar
1623 1512 1680 1543 oli-

149 1552 375 1607 Eripienda
391 1552 508 1606 fides)
529 1553 614 1593 illic
634 1554 765 1593 lavere
785 1553 1031 1594 bimembres

148 1608 341 1662 Vulnera,
361 1609 549 1665 clavigeri
566 1623 658 1665 quae
678 1610 825 1650 fecerat
848 1609 1039 1652 Herculis
1057 1624 1192 1652 arcus..

1278 1553 1330 1582 cis.
1373 1551 1489 1583 Dicunt
1501 1554 1589 1584 etiam
1646 1565 1678 1595 y-

1278 1604 1342 1624 sum
1358 1595 1489 1636 piguisse
1504 1604 1534 1626 et
1554 1599 1678 1627 scaturi-

1277 1637 1354 1677 ginis
1368 1647 1430 1667 suae
1444 1646 1474 1667 et
1483 1639 1587 1679 prioris
1597 1640 1680 1681 ripae,

1278 1689 1357 1709 nunc
1371 1684 1486 1709 mutato
1506 1682 1622 1711 nomine
1646 1689 1677 1711 ct

1276 1731 1364 1751 cursu
1372 1720 1494 1751 Caicum
1503 1723 1569 1753 dici.
1584 1723 1678 1753 Ame-

337 1741 342 1754 Ι

110 1773 119 1779 r
151 1770 246 1791 nanus
260 1771 377 1803 quoque
393 1761 512 1794 trahens
527 1773 628 1793 arenas
652 1762 767 1794 Siculas
779 1773 858 1794 nunc
873 1764 976 1800 currit,
992 1773 1205 1804 nonnunquam
1221 1770 1265 1793 est
1279 1764 1374 1793 siccus
1397 1762 1528 1793 sontibus
1544 1766 1678 1796 retentis.

151 1802 281 1844 Anigros
291 1813 380 1834 antea
394 1805 560 1845 potabatur,
576 1816 654 1835 nunc
670 1807 782 1836 emittit
795 1816 884 1846 aquas
899 1816 970 1846 quas
982 1804 1076 1848 fugias
1085 1815 1216 1847 tangere,
1233 1816 1267 1835 ex
1283 1816 1342 1846 quo
1354 1806 1427 1848 (nisi
1441 1807 1538 1836 omnis
1551 1806 1621 1837 fides
1633 1815 1677 1837 est

147 1843 277 1875 tollenda
290 1846 398 1887 poetis)
420 1847 561 1878 Centauri
586 1847 763 1879 bimembres
786 1848 844 1878 illic
861 1847 993 1878 laverunt
1007 1849 1120 1891 plagas,
1142 1858 1215 1889 quas
1231 1858 1313 1878 arcus
1329 1846 1466 1878 Herculis
1481 1847 1616 1891 clavigeri
1631 1851 1676 1880 in-

150 1885 272 1917 flixerat.

848 2031 876 2063 N
881 2032 990 2065 OTAE.

195 2124 268 2152 263.
283 2120 415 2161 Fretum]
446 2119 526 2152 Nam
542 2122 593 2152 ubi
618 2132 698 2153 nunc
713 2131 758 2154 est
780 2122 889 2154 fretum

150 2161 299 2199 Siculum,
313 2164 354 2194 ibi
369 2163 425 2194 fuit
440 2172 516 2193 ter-ra
529 2164 713 2196 solidissima.

194 2204 270 2235 lbid.
286 2205 403 2246 Factus]
426 2202 570 2236 Plurimus
582 2206 691 2237 insula·
701 2207 780 2249 apud
795 2206 889 2239 bisto-

152 2249 241 2284 ricos,
266 2248 327 2278 imo
342 2256 371 2277 et
393 2247 462 2278 alias
477 2256 566 2278 terras
590 2249 733 2287 invenias,
756 2261 824 2290 quae
839 2261 892 2281 suo

151 2297 284 2331 tempore
299 2298 491 2320 emerserunt.
532 2288 618 2324 Quin
633 2299 663 2320 et
671 2291 792 2323 concboe
808 2294 839 2323 in
851 2293 893 2323 al—

149 2332 268 2362 «issimis
283 2332 435 2362 montibus
450 2333 648 2373 reperiuntur,
662 2334 741 2364 unde
753 2335 794 2365 ibi
804 2337 892 2366 etiam

153 2374 310 2414 aliquando
324 2385 404 2404 mare
420 2374 511 2405 fuisse
526 2374 661 2411 nonnulli
675 2375 829 2418 colligunt.

197 2420 269 2451 273.
281 2416 394 2458 Lycus]
410 2415 509 2447 Plures
520 2427 556 2447 eo
569 2419 688 2447 nomine
700 2417 818 2449 fuerunt
838 2419 893 2450 flu-

152 2457 207 2492 vii;
231 2456 281 2488 Hc
294 2461 362 2488 veto
375 2460 411 2489 de
426 2469 462 2489 eo
475 2460 583 2500 agitur,
609 2461 660 2500 qui
674 2469 705 2490 et
730 2462 862 2492 Marsias
876 2462 894 2491 h

155 2497 242 2570 Livflio
256 2499 366 2538 dictut,
383 2499 558 2532 laodiceam
575 2500 678 2543 Lydiae
701 2502 803 2533 urbem
821 2514 894 2544 prze-

155 2548 198 2571 ter
221 2542 274 2571 uit.

196 2587 270 2617 274.
286 2583 406 2624 Procul]
430 2582 502 2615 Post
516 2587 650 2627 quinque
664 2587 754 2617 stadia
770 2587 894 2618 circiter.

196 2628 269 2659 276.
284 2625 444 2666 Erasinus]
462 2625 582 2658 Fluvius
596 2637 640 2658 est
655 2628 798 2666 Arcadiae,
814 2631 864 2669 qui
879 2630 895 2660 ὲ

155 2664 360 2707 Stymphalide
389 2667 495 2708 pdude
514 2677 610 2708 onus,
638 2671 716 2701 unde
738 2681 767 2702 et
793 2671 895 2713 Stym-

153 2709 263 2747 phalus
274 2709 382 2745 dictus,
398 2718 555 2751 postquam
567 2719 657 2744 torm
671 2713 775 2752 subiit,
798 2724 896 2745 rursu»

934 2124 963 2154 in
977 2123 1116 2167 Argolico
1131 2133 1200 2167 agro
1216 2125 1357 2166 erumpit,
1371 2132 1459 2167 atque
1472 2125 1618 2159 Erarinus
1634 2128 1680 2159 di-

932 2174 1018 2198 citur.

974 2213 1048 2245 277.
1059 2205 1201 2251 Mysum]
1215 2208 1322 2250 Mysiae
1340 2208 1527 2241 fluviusterrfi
1541 2210 1677 2247 haustus.

935 2250 1060 2289 fontem,
1091 2252 1218 2288 alveum,
1244 2260 1274 2281 et
1303 2262 1412 2282 nomen
1438 2254 1574 2292 mutavit,
1598 2266 1676 2285 nunc

938 2292 1049 2324 Caicus
1062 2295 1169 2324 dictus.
1550 2302 1553 2306 ’

978 2342 1050 2371 279.
1066 2334 1247 2375 Amenanus]
1276 2334 1409 2377 Exiguus
1425 2335 1530 2367 fluvius
1555 2335 1677 2374 Sir-iliae,

935 2388 971 2407 ex
1000 2377 1093 2409 AEtnfi
1120 2386 1221 2408 monte
1250 2388 1304 2419 per
1336 2388 1440 2420 ugrum
1479 2378 1674 2410 catanensem

935 2420 1041 2450 fluens.

979 2468 1051 2492 282.
1069 2461 1210 2502 Anigros]
1236 2461 1295 2492 Hic
1308 2462 1413 2492 fluvius
1425 2471 1469 2493 est
1482 2461 1676 2503 Peloponnesi

937 2504 968 2534 in
977 2502 1077 2542 Elide,
1087 2504 1123 2534 de
1136 2515 1197 2544 quo
1211 2504 1297 2534 aliter
1311 2504 1429 2544 quidem
1441 2506 1489 2535 alii
1501 2504 1675 2535 fabulantur.

981 2544 1057 2576 Ibid.
1075 2546 1209 2586 Vatibus]
1224 2546 1347 2588 Optime
1358 2545 1414 2576 hoc
1428 2547 1572 2577 interserit
1582 2551 1679 2586 poeta.

938 2586 1114 2630 Pythagoras
1133 2590 1211 2618 enim
1225 2590 1310 2629 sopri
1324 2599 1351 2618 ν.
1369 2595 1439 2619 155.
1466 2590 1612 2618 materiem
1628 2598 1679 2619 va·

938 2635 1001 2661 tum
1016 2639 1045 2661 et
1060 2631 1179 2661 nomina
1191 2641 1268 2661 vana
1279 2631 1403 2670 jusserat
1415 2638 1614 2660 contemnere.

979 2678 1053 2704 283.
1071 2672 1259 2712 Bimembrcs]
1289 2672 1448 2703 Centauros
1461 2672 1534 2702 dicit
1549 2671 1586 2702 eb
1602 2670 1679 2702 Her-

938 2714 1003 2748 cule
1016 2714 1178 2747 minemo·
1192 2723 1280 2756 eique
1296 2713 1475 2754 profligatos.

1277 885 1382 919 stagna
1394 877 1471 908 facta
1486 887 1569 918 sunt,
1595 887 1626 910 et
1641 881 1679 910 ab
1736 914 1744 916 ,
