1824 2991
625 122 1018 166 METAMORPH.
1050 123 1146 165 Lm.
1176 123 1211 166 Ι.
1622 131 1676 168 19

152 211 338 261 Maxima
355 223 445 265 pars
464 210 571 251 unda
590 211 763 265 rapitur:
786 210 928 265 quibus
944 211 1052 252 unda
1069 211 1262 266 pepercit,
1282 209 1486 272 Mffgxhrfapazfl
1495 213 1673 265 aureuma.

150 269 247 311 Illos
268 269 389 321 longa
408 266 574 307 domant
594 267 706 322 inopi
721 265 879 322 jejunia
898 268 1020 308 victu.
1280 263 1494 327 ἓὲζξς-ξζῇᾙξ
1509 256 1600 335 ἐξιῇ,
1609 268 1678 329 νἰζῖιζ

151 323 318 379 Separat
337 323 490 363 Aonios
508 323 659 364 Actaeis
679 322 823 364 Phocis
842 324 892 363 ab
912 324 1027 374 arvis,
1281 308 1676 377 busaquaindifisitfflhlieis

149 379 276 420 Terra
296 380 418 428 ferax,
438 379 535 420 dum
557 388 660 419 terra
678 379 780 429 fuit3
811 379 879 420 sed
900 387 1080 434 ternpore
1099 379 1142 420 in
1163 379 1234 419 illo
1281 378 1378 409 solum
1403 379 1510 428 fertile,
1534 382 1674 421 quamdiu

134 435 244 487 ‘Pars
255 434 388 484 maris,
398 442 439 475 et
448 435 550 475 latus
559 435 779 475 subitarum
790 449 955 489 campus
963 449 1169 490 aquarum.
1179 439 1262 476 315
1281 420 1376 492 {³2¹1}
1387 420 1674 495 ΐζιζῑζζξζὲᾞζᾙᾚ

148 490 274 541 Mons
295 490 351 531 ibi
372 490 583 531 verticibus
604 491 704 545 petit
723 491 868 531 arduus
887 499 990 532 astra
1010 492 1179 541 duobus,
1280 484 1421 543 aquan’m
1455 476 1673 545 repentinari'xm

147 546 329 589 Nomine
353 546 576 598 Parnassus,
604 554 842 601 superatque
863 547 1075 588 cacumine
1094 548 1234 589 nubes.
1281 545 1382 594 dit-iffi}
1402 546 1516 595 A0¹¹59⁵
1537 546 1574 576 ab
1597 549 1672 588 agris

149 603 237 644 Hic
257 602 326 644 ubi
341 601 571 644 Deucalion
591 602 699 657 (nam
718 611 863 643 caetera
882 611 1033 644 texerat
1051 606 1203 658 aequor)
1279 586 1675 665 ffissffiffinollfflnssn‘ssngniss

149 659 256 700 Cum
278 668 460 700 consorte
475 659 551 700 tori
570 662 691 714 parva
708 667 791 699 rate
810 669 948 700 vectus
964 660 1157 711 adhaesit3
1279 681 1339 707 sus,
1359 651 1515 712 p’orrigitur
1529 671 1565 701 ad
1581 672 1675 702 sidera

144 715 364 770 Corycidas
377 716 587 770 nymphaS,
598 724 639 756 et
648 715 817 757 numina
826 716 975 757 montis
986 717 1164 765 adorant,
1177 721 1262 758 320
1278 712 1674 786 gssggffissffiffislnstv'ffgicff

148 772 456 826 Fatidicamque
467 772 660 822 Themin,
676 786 768 827 quae
784 780 880 812 tunc
898 774 1032 813 oracla
1047 774 1221 822 tenebat.
1277 795 1605 836 postquamnemuo„
1614 779 1675 828 hue'

145 828 243 870 Non
259 828 330 870 illo
349 829 493 870 melior
511 829 737 884 quisquam,
757 842 834 869 nec
853 829 1052 883 amantior
1071 830 1178 885 aequi
1281 837 1361 878 (nam
1379 848 1456 868 mare
1471 839 1607 869 obruerat
1620 839 1677 870 alia

127 928 129 930 ,
145 884 220 926 Vir
238 885 330 936 fuit,
349 893 417 926 aut
438 885 508 925 illa
528 885 772 926 metuentior
789 886 874 925 ulla
894 886 1075 927 deorum.
1279 879 1524 952 ἓὲὠξζεῖξξζῃῖ
1538 891 1607 953 cuam
1619 892 1674 930 ¹²¹:

146 939 310 996 Jupiter
327 949 372 981 ut
392 941 553 995 liquidis
572 948 755 994 stagnare
774 941 988 994 paludibus
1008 944 1163 992 orbem,
1278 944 1453 994 ven'erantur
1465 933 1676 1005 „v'ssssgpfflgsnffi

146 995 204 1037 Et
216 1011 419 1052 superesse
427 997 534 1036 videt
551 997 600 1036 de
615 1005 674 1036 tot
690 997 811 1037 modo
828 997 1006 1037 millibus
1017 1013 1160 1048 unum,
1177 1003 1258 1040 325
1279 1005 1402 1045 rycidas,
1425 1013 1455 1035 et
1469 999 1539 1035 deos
1555 1014 1674 1036 monta-

146 1051 204 1093 Et
218 1065 420 1107 superesse
440 1051 548 1091 videt
568 1052 618 1092 de
637 1059 696 1092 tot
713 1052 833 1092 modo
854 1052 1033 1092 millibus
1055 1068 1203 1105 una1n3
1278 1056 1343 1118 28⁰3
1369 1054 1399 1076 et
1419 1046 1566 1118 Theminh
1576 1047 1673 1078 fatidi-

1345 1108 1354 1123 ‚
1376 1098 1443 1128 quae
1457 1096 1530 1118 tunc
1567 1089 1675 1120 abebat

146 1108 347 1148 Innocuos
367 1108 518 1157 ambos,
538 1109 710 1147 cultores
731 1107 911 1148 numinis
930 1109 1090 1159 ambos3
1277 1128 1403 1159 oracula.
1440 1128 1602 1161 Nullusvir
1615 1129 1674 1160 fuit

146 1163 303 1204 Nubila
321 1162 496 1218 disjecit:
527 1163 756 1218 nimbisque
778 1163 979 1218 Aquilone
999 1165 1176 1216 remotis,
1277 1170 1392 1207 melior,
1403 1181 1459 1200 nec
1474 1171 1674 1213 magisaddie-

146 1219 203 1261 Et
222 1221 329 1261 coelo
348 1228 469 1261 terras
488 1220 676 1269 ostendit,
695 1228 735 1260 et
755 1219 904 1260 aethera
924 1221 1049 1262 terris.
1277 1213 1458 1262 ‘¹¹⁵j.¹¹⁵‘i¹iae
1473 1213 1673 1263 ³¹¹⁰³3¹⁰‘¹¹¹.¹³
1717 1234 1720 1238 “

1277 1264 1369 1295 magis
1380 1265 1438 1294 pia,
1450 1255 1538 1294 quarn
1549 1256 1598 1285 illa
1604 1255 1672 1286 fuit.

145 1275 187 1316 N
189 1290 236 1316 ec
250 1277 370 1318 maris
382 1277 440 1317 ira
453 1285 603 1317 manet.
622 1276 837 1330 Positoque
849 1276 1068 1331 tricuspide
1078 1278 1162 1318 telo
1175 1281 1260 1318 330
1276 1294 1359 1326 Dum
1370 1295 1490 1336 Jupner
1499 1297 1673 1328 videtmun-

145 1331 308 1374 Mulcet
322 1347 443 1388 aquas
463 1341 594 1373 rector
612 1332 764 1397 pelagi,
777 1347 974 1388 supraque
993 1334 1239 1388 profundum
1276 1338 1346 1368 dum
1365 1338 1531 1368 demersum
1554 1339 1672 1380 liquidis

145 1388 380 1442 Extantem‚
400 1399 522 1444 atque
541 1389 732 1430 humeros
753 1396 893 1430 innato
913 1389 1067 1442 murice
1087 1397 1242 1432 tectum
1274 1380 1678 1460 {gssdjssusstefni'fflgffsfg

146 1445 375 1487 Caeruleum
395 1445 565 1486 Tritona
585 1454 699 1486 vocat
705 1461 718 1496 ;
750 1445 999 1501 conchaeque
1018 1447 1155 1487 sonaci
1275 1475 1364 1495 unam
1377 1471 1484 1495 restare
1498 1463 1534 1493 de
1548 1471 1591 1494 tot
1605 1464 1674 1494 mil-

560 1513 570 1516 ··
1276 1507 1368 1536 libus:
1399 1505 1501 1536 ambos
1529 1507 1674 1544 insontes,

145 1547 246 1578 ambos
262 1550 347 1589 pios;
373 1548 466 1578 nubes
480 1548 632 1588 dispersit;
657 1554 688 1577 et
703 1547 846 1577 imbribus
862 1546 879 1577 a
900 1545 998 1577 Bere-a
1014 1546 1134 1588 fugatis,
1154 1548 1295 1589 patefacit
1314 1556 1404 1578 terras
1418 1548 1504 1583 coelo,
1518 1554 1549 1577 et
1562 1548 1673 1579 coelum

145 1590 235 1620 terris.
279 1588 388 1630 Neque
403 1598 492 1619 aestus
508 1590 594 1620 maris
607 1589 708 1618 durat:
726 1597 757 1619 et
770 1588 934 1619 moderator
937 1590 1029 1640 ponti
1042 1590 1159 1632 mitigat
1174 1600 1275 1630 aquas,
1291 1597 1403 1621 remoto
1415 1589 1476 1620 telo
1489 1590 1624 1620 trisulco:
1641 1597 1673 1621 et

143 1632 262 1662 arcessit
274 1632 415 1673 glaucum
427 1631 581 1661 Tritonem
597 1631 780 1661 eminentem
795 1640 883 1671 super
897 1641 988 1668 mare,
1010 1639 1042 1661 et
1055 1631 1197 1662 obductos
1212 1631 1372 1664 habentem
1392 1631 1531 1663 humeros
1546 1630 1668 1663 conchis

143 1672 327 1714 congenitum
344 1681 374 1705 et
387 1672 529 1704 concham
544 1680 750 1715 personantem

833 1867 864 1897 N
867 1866 975 1899 OTAE.
1021 1840 1025 1843 Ι

187 1933 255 1959 313.
275 1927 400 1966 Amos]
432 1925 488 1957 Est
518 1926 616 1957 Aonia
648 1925 778 1957 Boeotioe
801 1927 884 1967 regio
968 1925 1014 1956 Ib.
1032 1928 1167 1959 Numina
1179 1928 1300 1968 montis]
1325 1927 1408 1959 Deos
1422 1929 1535 1970 topicos
1545 1929 1662 1962 adorare
1713 1922 1727 1925 P

146 1977 296 2000 montana.
924 1968 1042 1999 advenis
1057 1971 1147 2000 moris
1161 1978 1232 2000 erat.
1277 2004 1280 2005 ⁷

182 2010 230 2048 lb.
255 2009 378 2050 Aclaeis]
427 2009 530 2040 Attica
555 2011 688 2051 regione,
717 2019 786 2051 quae
813 2009 884 2040 olim
968 2015 1041 2042 321.
1063 2012 1283 2053 Fatidicamque
1297 2011 1433 2051 nemin]
1458 2011 1574 2043 Areana
1588 2014 1664 2044 fato·
1710 2030 1711 2033 =

139 2051 244 2083 Actaea
257 2053 336 2087 dicta
350 2059 396 2082 est
409 2052 446 2082 ab
463 2051 538 2087 ἄκτη
555 2053 646 2083 littus.
925 2062 990 2082 rum
1006 2054 1224 2092 praedicentem.
1266 2052 1391 2084 Themis
1406 2053 1483 2085 Coeli
1501 2053 1662 2096 Terraeque

182 2093 229 2125 Ib.
244 2093 370 2132 Phocis]
395 2092 493 2135 Regio
515 2102 559 2124 est
581 2095 659 2124 inter
678 2092 827 2124 Boeotiam
849 2099 880 2123 et
921 2092 979 2123 fuit
993 2095 1063 2131 filia,
1080 2098 1168 2136 quam
1182 2095 1305 2137 Jupiter
1320 2097 1438 2137 nuptias
1458 2106 1522 2126 suas
1541 2096 1660 2138 fugien-

138 2135 282 2172 Atticam,
297 2135 315 2165 ὲ
329 2134 431 2165 Phoco
446 2136 645 2174 denominata,
675 2137 707 2166 in
721 2136 780 2176 qua
794 2146 879 2166 mons
922 2142 983 2165 tem
999 2136 1030 2166 in
1045 2136 1224 2168 Macedonia
1238 2145 1388 2168 assecutus
1403 2140 1587 2179 compressit,
1595 2138 1662 2170 Mi·

140 2175 310 2208 Parnassus.
921 2187 1097 2219 nervamque
1118 2180 1247 2210 sustulit.
1289 2179 1357 2210 Dea
1378 2179 1447 2217 fuit,
1467 2190 1534 2221 quae
1556 2181 1659 2222 praeci·

180 2223 255 2249 ³16.
280 2218 451 2258 Vertit-ibus]
482 2216 640 2250 Parnassus
663 2218 756 2250 Mons
776 2215 878 2260 biceps
920 2220 1020 2259 piebat
1041 2219 1224 2258 hominibus,
1249 2228 1282 2252 ut
1300 2221 1318 2252 a
1340 2221 1395 2251 diis
1417 2228 1556 2263 peterent
1578 2224 1659 2262 quod

138 2266 197 2298 est,
211 2260 285 2291 alter
298 2269 396 2291 vertex
413 2261 592 2298 Tsthorenm,
603 2262 676 2292 alter
686 2262 878 2302 Hyampeum
909 2260 969 2300 fas
983 2269 1073 2299 esset,
1088 2263 1167 2294 unde
1181 2264 1271 2293 etiam
1285 2273 1394 2293 nornen
1407 2265 1532 2304 accepit.
1575 2263 1657 2296 Nam

135 2303 255 2340 dit-itan
278 2301 328 2333 hic
343 2301 476 2341 Baccho,
499 2303 548 2333 ille
570 2302 667 2335 Musis
689 2312 720 2335 et
741 2303 877 2345 Apollini
919 2303 1008 2342 Θέμις
1009 2303 1079 2343 fas,
1091 2315 1123 2334 ac
1134 2305 1249 2344 justum
1261 2305 1414 2345 significat.
1450 2304 1577 2336 Oracula
1587 2314 1656 2336 ante

77 2367 81 2370 -
136 2355 228 2376 sacer.
917 2344 1092 2386 Apollinem
1106 2345 1236 2388 Delphis
1250 2347 1353 2385 edidit,
1375 2353 1409 2378 ut
1423 2354 1507 2388 patet
1518 2358 1554 2379 ex
1568 2345 1654 2379 Sido-

861 2404 875 2410 ·
917 2388 980 2424 nio,
995 2394 1024 2418 et
1036 2388 1107 2418 Am.
1121 2388 1310 2420 Marcellino.

961 2435 1034 2460 332.
1055 2430 1186 2471 Murice]
1211 2429 1268 2462 Est
1283 2439 1384 2461 murex
1395 2429 1509 2461 concha
1523 2441 1558 2461 ex
1570 2431 1654 2471 cujus

917 2473 1059 2513 sanguine
1072 2483 1237 2514 purpureus
1251 2473 1330 2503 color
1341 2473 1503 2510 conficitur,
1513 2474 1564 2513 qui
1578 2483 1656 2514 soepe

175 2511 251 2542 319.
275 2509 425 2550 szsorte]
450 2508 475 2540 P
494 2509 573 2547 trba,
587 2511 705 2540 scilicet.
859 2510 863 2515 ’
938 2523 969 2542 er
990 2515 1132 2545 muricem
1155 2515 1383 2556 intelligendus>
1399 2514 1532 2545 Tritonis
1553 2522 1652 2547 autem

172 2554 248 2582 820.
257 2550 432 2593 Corycidas]
479 2563 527 2593 ym
549 2552 596 2583 hae
603 2552 725 2583 fuerunt
731 2552 807 2584 antri
815 2551 874 2584 Co·
915 2523 1046 2586 humeris
1061 2557 1208 2598 ingenitas
1222 2556 1349 2588 conchas
1363 2556 1478 2595 volunt,
1499 2567 1553 2597 pro
1566 2567 1653 2598 squa-

135 2591 216 2631 rycii,
225 2592 266 2622 sic
275 2593 344 2624 dicti
355 2593 373 2624 ὃ
382 2594 511 2636 nymth
563 2595 650 2636 tycia,
666 2606 701 2625 ex
711 2595 874 2636 quaApol-
916 2598 984 2635 mis,
997 2596 1118 2628 honoris
1134 2599 1230 2629 causa.
1303 2633 1306 2636 ,
1652 2599 1654 2601 ’

136 2632 166 2662 10
179 2635 287 2673 genuit
300 2633 329 2666 L
347 2646 460 2674 corum,
475 2636 492 2667 ὲ
527 2648 567 2668 uo
581 2637 650 2674 urbs
665 2639 817 2668 nominata
830 2645 873 2668 est
958 2645 1030 2670 333.
1053 2641 1184 2681 Tritona]
1208 2640 1282 2672 Erat
1293 2639 1398 2671 Triton
1409 2634 1546 2681 Neptuni
1560 2640 1650 2679 filius,

135 2671 274 2723 Ifycorea·
315 2647 415 2718 Ktque
433 2648 671 2710 hinchucianus
694 2681 725 2710 in
739 2678 866 2711 Timone
908 2691 1007 2712 comes
1032 2682 1176 2723 ejusdem,
1199 2691 1229 2713 et
1263 2683 1392 2718 tubicen,
1413 2692 1463 2713 ore
1484 2681 1649 2720 hominem,

133 2724 186 2754 mt,
201 2716 310 2774 Arcani
320 2719 465 2761 appulisse
478 2721 515 2753 ad
528 2720 664 2763 Lycorim
679 2729 824 2753 montem.
909 2723 1001 2756 cauda
1013 2726 1126 2766 piscem
1139 2724 1277 2756 referens.

1241 2770 1314 2806 02

177 2401 391 2433 —Gemim
401 2404 476 2445 petit
493 2404 603 2434 oethera
616 2405 686 2435 colle

176 2445 269 2476 Mem
278 2445 408 2482 Bromio,
426 2446 586 2486 Phoehoque
598 2456 762 2476 sacer—
