1824 2991
405 441 468 481 sit.

113 528 123 532 -
181 549 195 555 ,
233 497 329 539 Non
349 505 486 538 tamen
507 496 596 538 haec
615 498 694 537 alte
714 495 886 538 volucris
901 510 973 537 sua
992 510 1158 551 corpora
1179 495 1286 536 tollit

233 553 325 594 Nec
343 554 441 594 facit
461 553 501 593 in
520 553 639 593 ramis
658 555 819 607 altoque
839 552 1052 593 cacumine
1073 552 1187 592 nidos
1203 569 1215 602 3

658 67 1056 113 METAMORPH.
1089 68 1188 113 Lm.
1209 69 1326 113 VIII.

238 159 492 215 Praecipitem
514 158 637 208 misit,
650 159 808 214 lapsum
830 158 1035 200 mentitus.
1068 183 1070 187 v
1093 159 1150 200 At
1169 159 1299 209 illum,

240 218 346 262 Quae
366 218 470 256 favet
489 215 678 273 ingeniiS,
698 216 857 270 excepit
877 215 1023 265 Pallas,
1044 229 1241 270 avemque
1269 259 1277 270 Ι

235 272 441 322 Reddidit,
456 281 497 313 et
518 271 652 314 medio
671 272 817 312 velavit
837 271 880 312 in
897 277 987 311 aere
1007 270 1163 325 pennis,

231 329 444 383 Sedvigor
460 329 613 382 ingenii
634 328 838 382 quondam
859 321 1005 371 velocis
1026 328 1068 368 in
1088 329 1183 377 alas,

234 384 363 440 Inque
382 385 503 439 pedes
521 385 622 425 abiit
638 400 648 426 :
680 383 856 433 Nomen,
878 384 985 438 quod
1003 392 1042 424 et
1061 386 1169 435 ante,
1189 395 1347 425 reman-
1365 408 1372 414 -

1665 72 1747 113 231

1363 157 1437 188 false
1455 157 1615 199 praedicans
1627 167 1694 188 eum
1709 157 1755 186 in-

1365 201 1449 230 caute
1464 201 1612 230 cecidisse.
1633 199 1675 229 At
1686 196 1753 228 Pat-

1365 240 1418 278 las,
1429 252 1495 281 quae
1509 241 1696 281 amplectitur
1711 241 1755 270 in-

1364 284 1455 326 genio
1482 283 1631 323 praeditos,
1671 281 1755 312 illum

1364 326 1492 366 excepit,
1518 332 1549 353 et
1574 325 1696 354 mutavit
1725 324 1756 353 ἰιι

1363 367 1476 403 alitem,
1498 375 1527 395 et
1542 366 1636 404 induit
1672 365 1757 394 ermis

1365 419 1395 437 tn
1411 408 1509 438 medio
1522 412 1596 438 ae‘re.
1654 407 1660 412 '
1714 407 1756 436 vis

1263 444 1347 481 255
1366 450 1477 490 ingenii
1490 449 1560 478 olim
1573 448 1676 478 celeris
1687 458 1759 478 con-

1365 492 1452 522 cessit
1474 492 1504 520 in
1518 491 1577 520 alas
1601 497 1689 530 atque
1705 499 1759 529 pe-

1288 527 1302 547 ’
1365 533 1432 568 des;
1451 542 1570 568 nomen,
1581 531 1756 574 quod—‘etiam

1364 576 1432 604 ante
1447 576 1494 606 illi
1508 579 1581 610 erat,
1605 573 1756 603 remansit.

234 608 403 662 Propter
423 609 596 650 humum
612 610 751 650 volitat
759 625 770 659 3
792 608 984 663 ponitque
1000 609 1040 648 in
1053 608 1213 663 sepibus
1228 621 1316 658 ova,
1365 615 1411 646 Ea
1425 625 1526 646 tamen
1547 616 1606 645 avis
1628 625 1687 649 non
1713 613 1757 644 ef-

233 666 485 720 Antiquique
505 679 676 717 memor,
697 665 842 705 metuit
859 665 1061 715 sublimia,
1082 668 1207 705 casus.

293 721 363 762 IV.
379 721 555 776 Jamque
566 717 776 775 fatigatum
785 721 1075 762 tenusAEtnaea
1083 722 1246 762 tenebat
1265 723 1350 760 260
1366 742 1397 771 in
1433 743 1533 779 ramis,

1364 657 1422 688 fert
1431 669 1517 688 suum
1529 667 1635 698 corpus
1646 657 1676 686 in
1687 655 1757 685 snb-

1366 700 1448 737 lime,
1464 709 1559 740 neque
1574 699 1660 728 struit
1675 697 1758 736 nidos

1577 748 1608 770 et
1642 739 1757 770 excelso

234 777 437 818 Daedalon
456 795 466 819 ε
498 788 538 817 et
548 779 699 822 ,sumtis
718 791 790 831 pro
809 778 992 831 supplice
1011 777 1181 818 Cocalus
1200 777 1321 818 armis
1365 782 1503 824 fastigio,
1544 782 1647 813 volitat
1670 781 1757 820 juxta

235 833 352 874 Mitis
373 834 605 875 habebatur.
636 834 732 874 Jam
752 833 1012 874 lamentabile
1033 833 1208 874 Athenae

234 889 416 930 Pendere
436 890 634 930 desierant
652 889 811 930 Thesea
828 889 946 930 laude
967 889 1178 931 tributum.

1365 833 1471 859 terrain
1491 832 1521 854 et
1545 824 1631 864 ponit
1658 833 1711 852 ova
1729 824 1760 852 in

1365 867 1498 908 sepibus,
1507 874 1537 896 et
1548 865 1701 896 recordans
1711 874 1761 894 ve-

1366 909 1436 939 teris
1447 909 1546 949 lapsas
1557 907 1645 937 timet
1660 906 1757 936 excel-

235 945 410 1000 Te-mpla
427 955 694 987 coronantur:
727 946 1059 999 bellatricemque
1079 945 1310 986 Minervam
1367 960 1410 981 sa.

239 1001 345 1042 Cum
375 1001 478 1042 Jove
508 1002 679 1055 Diisque
709 1010 855 1042 vocant
895 1001 996 1051 aliis,
1027 1015 1126 1056 quos
1154 1000 1352 1054 sanguine

407 1067 514 1107 voto,

236 1113 558 1168 Muneribusque
579 1113 693 1164 datis,
712 1120 753 1154 et
772 1113 917 1154 acerris
938 1113 1065 1154 thuris
1083 1112 1272 1154 adorant.'

236 1170 442 1224 Sparserat
461 1169 670 1223 Argolicas
687 1183 835 1211 nomen
857 1183 959 1223 vaga
974 1171 1080 1210 fama
1095 1184 1166 1224 per
1186 1170 1302 1210 urbes

233 1220 435 1278 Theseos:
466 1235 507 1266 et
525 1226 679 1280 populi,
699 1241 799 1280 quos
818 1226 928 1267 dives
942 1227 1098 1267 Achai'a
1117 1226 1238 1280 cepit,

235 1282 376 1338 Hujus
395 1287 514 1336 opem
537 1283 694 1336 magnis
715 1283 976 1337 imploravere
992 1283 1152 1337 periclis
1169 1299 1179 1324 z

236 1338 374 1396 Hujus
393 1353 516 1394 opem
543 1338 738 1394 Calydon,
759 1339 940 1395 quamvis
961 1339 1205 1393 Meleagron
1228 1338 1352 1380 habe-

399 1403 473 1446 ret,
583 1418 590 1424 „
682 1426 687 1432 .

202 1455 204 1458 ’
237 1448 425 1491 Sollicita
438 1453 614 1506 supplex
632 1452 750 1506 petiit
769 1466 902 1507 prece.
952 1452 1081 1492 Causa
1103 1452 1269 1506 petendi

238 1506 315 1547 Sus
336 1515 433 1558 erat,
452 1507 608 1549 infestae
623 1510 811 1560 famulus,
830 1509 1059 1563 vindexque
1077 1508 1240 1550 Dianae.

238 1561 381 1604 Oenea
400 1578 576 1619 namque
592 1565 738 1616 ferunt,
754 1566 866 1620 pleni
885 1565 1133 1606 successibus
1152 1565 1250 1606 anni

238 1617 442 1660 Primitias
462 1622 625 1675 frugum
648 1621 803 1671 Cereri,
832 1636 902 1661 sua
923 1621 1015 1661 vina
1035 1621 1175 1674 Lyaeo,

238 1673 438 1716 Palladios
458 1677 572 1718 flavae
593 1678 730 1718 latices
751 1678 892 1718 libasse
913 1677 1127 1717 Minervae.

237 1729 409 1786 Coeptus
428 1734 478 1772 ab
494 1733 679 1787 agricolis
700 1734 874 1788 Superos
890 1733 1071 1788 pervenit
1088 1733 1139 1773 ad
1158 1745 1299 1773 omnes

1411 988 1603 1031 1V.·Jamque
1610 997 1684 1020 terra
1695 988 1761 1019 AEt-

1209 1076 1222 1082 ·
1267 1059 1351 1097 265
1368 1031 1762 1103 ἓὲἳέεὲἓῖωἱιῡέἶῖἶζιῗ

1369 1115 1534 1148 habebatur
1564 1115 1650 1151 lenis,
1673 1117 1761 1144 armis

1369 1158 1462 1198 captis
1483 1157 1514 1186 in
1539 1157 1665 1196 gratiam
1687 1167 1757 1197 sup-

1369 1199 1590 1240 plicis-Daedali
1601 1211 1610 1228 .·
1633 1197 1703 1228 Jam
1719 1198 1761 1227 A·

1369 1240 1469 1271 thence
1484 1242 1642 1271 omiserant
1655 1240 1765 1270 solvere

1369 1283 1536 1313 luctuosum
1543 1282 1701 1319 tributum,
1709 1282 1766 1312 vir-

1366 1329 1433 1354 'tute
1460 1324 1582 1355 Thesei.
1637 1322 1763 1364 Templa

1370 1367 1481 1397 coronis
1503 1367 1698 1402 decommum
1719 1373 1764 1395 at·

1267 1399 1353 1441 270
1370 1419 1429 1448 que
1453 1410 1590 1438 invocant
1614 1406 1763 1438 Palladem

1369 1450 1442 1481 belli
1457 1452 1609 1491 praesidem
1624 1459 1692 1479 cum
1707 1448 1764 1479 Jo-
1797 1445 1802 1450 ’

1370 1503 1406 1522 ve
1419 1502 1449 1522 ct
1464 1493 1576 1523 caeteris
1591 1491 1674 1528 Diis,
1690 1500 1764 1531 quos

1370 1533 1517 1565 honorant
1541 1534 1683 1574 sanguine
1697 1543 1766 1574 pro·

1371 1577 1471 1612 misso,
1478 1586 1507 1606 et
1516 1577 1601 1606 donis
1609 1575 1726 1611 oblatis,
1733 1583 1766 1604 et

1371 1619 1477 1647 acerris
1491 1617 1593 1655 thuris.
1617 1615 1707 1646 Fama
1716 1626 1765 1646 ve·

1269 1679 1298 1716 2
1329 1681 1354 1718 5
1371 1659 1420 1688 lox
1431 1659 1694 1699 implet-emturbes
1706 1658 1765 1688 Ar-

1301 1676 1324 1725 ⁷
1371 1701 1483 1742 golicas
1495 1701 1627 1731 laudibus
1634 1699 1763 1730 Thesei:

1373 1751 1405 1773 et
1433 1743 1547 1784 populi,
1576 1753 1649 1782 quos
1686 1742 1764 1771 div-es

1373 1783 1486 1814 Achaia
1499 1784 1616 1821 habuit,
1636 1785 1699 1823 ejus
1714 1795 1765 1825 pe-

241 1829 368 1859 tiverunt
383 1829 523 1860 auxilinm
538 1830 568 1859 in
584 1829 756 1870 urgentibus
770 1829 1008 1861 discriminibus:
1032 1827 1165 1869 Calydon
1180 1827 1303 1868 supplex
1319 1826 1481 1867 imploravit
1504 1836 1590 1867 prece
1601 1827 1686 1856 anxia⁴
1700 1827 1762 1865 ejus

240 1871 395 1908 auxilium,
409 1873 540 1911 quamvis
553 1870 675 1902 haberet
696 1871 895 1912 Meleagrum.
938 1871 1020 1912 Aper
1034 1871 1168 1901 minister
1182 1879 1212 1900 et
1234 1869 1314 1899 ultor
1327 1868 1435 1899 Dianae
1449 1868 1571 1899 infensa
1596 1878 1657 1898 erat
1678 1878 1765 1898 causa

235 1913 426 1954 implorandi.
469 1911 609 1954 Namque
624 1914 708 1943 aiunt
719 1912 857 1944 Oeneum
871 1913 910 1944 ob
921 1912 1102 1943 fertilitatem
1117 1914 1187 1943 anni
1201 1912 1287 1952 eopia
1300 1912 1488 1941 redundantis
1508 1911 1650 1942 obtulisse
1665 1911 1767 1952 primi·

239 1956 307 1991 tias,
322 1954 503 1985 frumentum
519 1954 632 1992 Cereri,
648 1966 700 1985 sua
711 1957 777 1986 vina
792 1954 924 1992 Baccho,
936 1955 1034 1989 oleum
1047 1954 1129 1984 flavae
1145 1954 1302 1985 Minervae.
1346 1952 1453 1983 Honor
1466 1954 1543 1984 sacri
1565 1954 1675 1984 ciorum
1690 1953 1766 1983 invi-

239 1996 339 2027 diosus
353 2004 433 2027 ortm
444 1997 480 2027 ab
497 1998 628 2027 ruricolis
642 1998 821 2038 permanavit
831 1997 867 2028 ad
879 2008 981 2027 omnes
994 1997 1119 2037 reliquos

929 2080 1071 2112 NOTAE.

267 2127 359 2156 v255.
384 2120 511 2157 Nomen,
533 2122 609 2160 quod
628 2127 655 2152 et
675 2122 756 2163 αηιὲ]
782 2109 863 2153 Nam
888 2122 979 2154 Talus

181 2160 188 2167 ⁶
242 2160 349 2194 Perdix
358 2173 476 2203 quoque
487 2161 544 2192 fuit
556 2165 791 2204 cognominatus.

233 2236 236 2237 ⁷
286 2210 359 2237 260.
373 2204 483 2244 Tellus]
501 2204 618 2242 Sicilia,
631 2205 684 2236 ubi
694 2205 788 2237 Mons
800 2205 902 2238 AEma.

284 2250 360 2278 261.
377 2246 516 2286 Cocalus]
535 2245 648 2277 Siciliae
663 2259 726 2285 rex,
752 2248 788 2279 ad
803 2259 893 2288 quern
906 2248 980 2280 Dae-

240 2288 326 2362 ἓὲἱεὲιε
334 2288 482 2330 confugit,
496 2289 607 2330 quique
616 2287 654 2320 M
657 2290 755 2321 inoe‘m
768 2291 876 2321 dicitur
886 2301 982 2321 susm-

286 2377 358 2404 262.
372 2373 463 2404 Mitis
475 2373 645 2414 habebatur]
667 2372 847 2416 Quanquam
862 2373 982 2404 interse-
1017 2392 1022 2396 ·

245 2422 324 2445 cerat
337 2413 456 2446 Minoa.

285 2459 358 2486 263.
380 2456 498 2496 Themi]
526 2455 636 2488 Thesei
660 2458 738 2488 enim
762 2459 867 2488 virtute
891 2459 981 2488 inter-

244 2496 340 2528 seems
360 2506 405 2529 est
417 2497 617 2534 Minotaurus.
660 2499 736 2530 Haec
758 2501 826 2530 vero
847 2501 882 2530 ad
909 2510 982 2530 con-

245 2539 403 2569 nectendas
417 2539 528 2570 fabulas
542 2550 703 2572 narrantur.
747 2542 912 2582 Tril‘ulum]
931 2541 980 2572 Ob

244 2580 355 2630 cae'dem
367 2581 518 2623 Androgei
531 2581 766 2615 Atheniensibus
776 2585 794 2614 λ
807 2583 916 2615 Minoe
925 2585 981 2620 im,-

265 2631 386 2652 ositum.
699 2634 708 2640 ·

244 2634 264 2664 p
287 2669 360 2695 265.
379 2663 449 2694 Vbto
463 2666 616 2710 sanguine]
629 2665 836 2704 Vir-rimarum,
851 2678 922 2707 quas
931 2679 980 2698 vo-

242 2715 356 2742 verant,
370 2707 395 2736 si
408 2703 542 2735 Theseus
556 2707 647 2737 victor
660 2718 695 2738 ex
710 2707 800 2738 Cret&
823 2717 981 2739 revertere·

244 2755 303 2778 tur.

287 2794 359 2825 270.
378 2787 528 2830 Calydon]
546 2786 626 2820 Urbs
635 2788 768 2828 Aitolia,
782 2798 885 2822 contra
893 2801 982 2834 quam

1022 2123 1138 2163 Aprum
1162 2121 1390 2159 ferocissimum,
1414 2132 1467 2151 seu
1490 2122 1588 2162 potitis
1618 2121 1761 2152 latronem

1022 2165 1256 2195 immitissimum
1279 2163 1391 2201 Diana,
1419 2165 1450 2194 in
1476 2165 1616 2194 sacrificio
1636 2162 1766 2204 quodam

1021 2206 1058 2236 ab
1070 2205 1175 2236 Oeneo
1190 2217 1259 2243 rege
1275 2207 1420 2247 neglecta,
1431 2205 1565 2236 immisit.

1046 2267 1051 2275 .
1065 2254 1139 2283 270.
1155 2244 1338 2288 Meebagron]
1357 2246 1455 2278 Oenei
1467 2249 1544 2289 regis
1555 2247 1660 2278 filium.

1067 2294 1140 2323 2723.
1156 2290 1352 2331 Successihoe]
1372 2288 1423 2320 De
1437 2289 1555 2331 frugum
1570 2290 1657 2332 copia
1670 2289 1765 2331 loqui·

1025 2340 1082 2362 tur.

1067 2378 1140 2408 274.
1155 2373 1263 2415 Lyaeo]
1282 2372 1392 2404 Latine
1407 2373 1512 2403 Lil-ero
1523 2373 1612 2414 patri,
1623 2371 1742 2402 Baccho
1753 2383 1763 2403 ε

1024 2416 1074 2446 cui
1088 2416 1188 2446 vinum
1204 2416 1346 2452 dicatum,
1375 2416 1462 2445 sicuti
1490 2413 1636 2445 Minervae
1651 2414 1763 2451 oleum,

1023 2455 1170 2488 frumenta
1184 2459 1279 2498 prima
1289 2465 1405 2488 matura
1417 2456 1527 2487 Cereri.

1065 2504 1138 2534 275.
1162 2499 1313 2530 Palladios
1340 2499 1453 2538 centices]
1499 2497 1608 2527 Oleum
1637 2496 1708 2527 dicit
1729 2507 1766 2528 ex

1021 2541 1131 2579 baccis,
1153 2552 1225 2581 quas
1249 2541 1306 2571 fert
1330 2541 1415 2571 arbor
1437 2540 1454 2570 ὲ
1476 2537 1591 2569 Pallade
1611 2539 1785 2579 producta,-

1022 2593 1205 2656 &pres-sum.
1240 2581 1292 2614 Sic
1305 2584 1475 2622 taticmque
1489 2583 1600 2621 lyaeum
1615 2589 1670 2622 pro
1684 2581 1765 2612 rino.

1052 2636 1106 2656 ιτσ.

1031 2700 1034 2703 ,
1064 2651 1136 2702 2⁰7⁶.
1152 2665 1311 2706 agricolis]
1329 2664 1478 2706 Agricolas
1495 2670 1580 2693 vom
1587 2661 1671 2704 122oe
1685 2665 1763 2707 agri-

1022 2708 1156 2744 culturae,
1186 2717 1238 2737 aut
1261 2708 1340 2737 certe
1367 2715 1466 2735 earum
1488 2715 1597 2742 rerum,
1614 2707 1686 2747 'quae
1711 2718 1763 2748 per

1023 2749 1230 2789 agriculturam
1260 2755 1474 2820 comfamntur,
1504 2755 1625 2786 tutores,
1661 2748 1762 2789 quales

1023 2789 1173 2829 Bacchus,
1182 2789 1284 2827 Ceres,
1298 2789 1319 2820 h
1335 2791 1443 2821 inem.
