1824 2991
573 100 966 145 METAMORPH.
988 100 1081 142 Lm.
1103 100 1174 143 IV.

125 193 324 235 Exercent
336 205 347 240 3
367 189 488 230 aliam
508 191 661 244 partein
683 204 753 230 sua
772 203 895 243 poena
916 195 1085 229 coercet.

125 247 302 289 Sustinet
322 246 378 286 ire
397 245 508 296 illuc,
526 245 682 286 coelesti
701 245 793 286 sede
815 245 966 293 relicta,

126 302 318 355 (Tantum
335 301 449 351 odiis,
469 300 617 355 iraeque
639 301 771 352 dabat)
790 299 977 340 Saturnia
995 298 1021 340 J
1026 313 1119 339 uno.

123 357 219 401 Quo
236 356 354 397 simul
378 356 551 406 intravit,
570 369 758 409 sacroque
779 357 802 394 ἐι
823 369 986 408 corpore
1002 368 1180 408 pressum

122 412 327 466 Ingemuit
347 412 491 461 liinen3
512 411 585 451 tria
604 411 797 451 Cerberus
817 409 958 450 extulit
980 423 1067 459 ora;

814 466 889 506 Illa
905 479 1053 505 sorores

121 467 178 508 Et
197 474 273 508 tres
292 469 456 507 latratus
475 467 596 506 simul
616 466 752 506 edidit.

1488 84 1492 86 ’
1546 102 1623 141 121

1237 194 1370 216 exercet:
1393 184 1449 216 alia
1473 196 1537 227 pass
1558 182 1627 227 supss

1238 228 1332 275 pliciis
1361 235 1489 266 urgetur.
1545 226 1629 258 Juno

1237 269 1375 298 baturnia
1413 280 1468 297 non
1515 276 1629 299 veretur

1237 309 1306 338 illuc
1323 309 1494 338 descendere
1518 309 1629 340 caelesti

1238 350 1326 379 domo
1340 349 1479 378 destituta
1501 354 1628 387 [tuntum

1239 391 1411 431 indulgebat
1431 391 1522 419 dolori
1540 400 1628 430 atque

1139 413 1224 450 450
1238 431 1335 470 odiis).
1379 429 1450 465 Quo
1471 429 1568 460 statim
1583 439 1628 461 at-

1239 483 1296 512 que
1311 472 1416 507 subiit,
1439 480 1469 501 et
1485 471 1558 501 fores
1574 472 1627 502 im-

122 522 254 563 Nocte
271 530 384 562 vocat
404 522 572 576 genitas,
591 536 708 574 grave
725 530 765 561 et
784 520 1040 574 implacabile
1059 534 1220 561 numen.
1238 514 1330 554 pulsae
1361 515 1376 543 ὲ
1403 522 1482 542 ⁵³⁸‘¹‘·
1510 522 1629 552 corpore
1680 522 1685 525 “

124 577 302 630 Carceris
319 586 412 618 ante
432 579 533 618 fores
554 579 704 617 clausas
721 577 931 617 adamante
948 576 1153 626 sedebant,

120 632 268 687 Deque
282 633 362 674 suis
383 644 484 673 atros
500 633 714 686 pectebant
733 632 910 673 crinibus
925 645 1088 684 angues.

1238 556 1394 595 strepitum
1404 558 1548 588 lecerunt,
1558 553 1630 584 Cer-

1240 596 1325 626 berus
1342 596 1429 625 erexit
1451 596 1505 624 tria
1519 596 1628 635 capita,

1239 644 1269 666 et
1290 637 1375 666 simul
1394 647 1449 666 ires
1469 637 1565 666 emisit
1587 636 1628 665 lu-

123 687 259 732 Quam
276 688 395 729 simul
412 691 609 742 agnorunt
626 689 730 728 inter
751 687 932 741 caliginis
948 688 1123 738 umbras,
1139 692 1219 730 455
1240 686 1339 707 mm&
1384 677 1437 706 ¹¹¹³
1452 679 1567 707 ³¹⁶⁶⁵⁵³¹
1582 687 1630 706 ⁵⁰·

116 742 336 784 Surrexere
361 744 471 785 Deae.
530 744 652 784 Sedes
671 744 873 784 Scelerata
894 750 1069 784 vocatur.

121 798 284 840 Viscera
302 801 507 852 praebebat
524 799 661 853 Tityos
682 799 881 847 lanianda,
902 812 1126 852 novemque

722 854 831 903 Tibi,
849 855 1033 904 Tantale,
1054 856 1178 894 nullae

123 853 149 895 J
154 854 339 908 ugeribus
356 855 548 895 distentus
569 863 665 895 erat.

1240 730 1316 749 rores
1342 726 1426 748 nocte
1451 725 1540 755 ortas,
1562 729 1629 758 quae

1240 771 1360 791 numina
1375 769 1441 789 sunt
1460 769 1532 788 saeva
1541 768 1570 789 et
1584 770 1631 789 in·

1239 802 1404 832 exorabilia.
1421 800 1567 830 Sedebant
1577 802 1630 831 an-

1241 852 1268 872 te
1276 844 1397 882 januam
1410 841 1530 871 carceris
1545 842 1631 872 obse-

1239 891 1328 914 ratam
1344 884 1505 917 adanrante,
1517 891 1545 912 et
1562 893 1631 923 pec-

121 908 1079 964 Deprendunturaquae,quaeq3imminet,tffugit
1089 912 1216 950 arbos.
1243 926 1341 954 rebam
1366 927 1462 964 nigros
1484 933 1633 964 serpentes

122 965 407 1020 Autpetis,aut
421 980 534 1018 urges
545 965 756 1014 ruiturum,
771 965 954 1019 Sisyphe,
967 979 1120 1017 saxum.
1140 970 1226 1007 460
1241 977 1277 996 ΘΧ
1292 966 1353 996 ⁵³³³
1367 965 1487 1005 capillis.
1531 964 1632 999 Quam

123 1020 308 1061 Volvitur
326 1021 457 1069 Ixion,
473 1030 513 1060 et
533 1034 574 1060 se
595 1021 852 1074 sequiturque
873 1020 1071 1073 fugitque.

124 1074 346 1130 Molirique
364 1075 444 1115 suis
465 1076 618 1115 lethum
638 1076 882 1129 patruelibus
903 1088 1023 1125 ausae,

124 1130 305 1172 Assiduae
326 1137 525 1186 repetunt,
542 1145 639 1185 quas
660 1132 840 1184 perdant,
857 1130 1018 1170 Belides
1039 1130 1182 1171 undas.

1242 1008 1311 1037 cum
1336 1008 1463 1046 primum
1483 1005 1560 1036 Deae
1581 1017 1635 1047 ag-

1244 1058 1384 1077 noverunt
1402 1050 1477 1077 inter
1500 1047 1633 1077 tenebras

1243 1099 1358 1129 opacas,
1366 1098 1560 1117 surrexerunt.
1572 1087 1633 1118 Lo-

1243 1140 1294 1159 cus
1319 1129 1480 1169 appellatur
1503 1127 1635 1158 Scelera-

1243 1178 1297 1200 tus.
1345 1171 1388 1200 Iln'
1415 1169 1518 1210 Tityus
1545 1169 1633 1200 dabat

1242 1211 1398 1252 pnecordia
1435 1210 1636 1250 discerpenda,

122 1260 152 1284 et
165 1260 302 1285 extensus
321 1260 381 1284 erat
394 1264 448 1295 per
461 1264 564 1284 novem
582 1255 696 1294 jugera.
738 1253 874 1291 Tantale,
897 1253 987 1284 nulloe
1007 1265 1090 1293 aquae
1111 1254 1127 1283 ὲ
1147 1261 1177 1283 te
1200 1254 1399 1286 inveniuntur,
1421 1258 1450 1281 et
1471 1251 1555 1281 arbor
1568 1263 1636 1292 quae

123 1296 286 1336 impendet,
306 1297 323 1325 ὲ
345 1304 375 1325 te
395 1297 515 1326 recedit.

565 1296 625 1326 Aut
650 1296 725 1336 petis
740 1296 852 1336 lapsum
867 1303 917 1325 aut
938 1306 1052 1325 sursum
1077 1305 1175 1325 moves
1184 1295 1316 1336 ,lapidem
1331 1295 1429 1323 statim
1443 1293 1634 1333 relapsurum,

123 1335 257 1377 Sisyphe.
301 1335 384 1366 Ixion
399 1345 520 1374 rotatur,
543 1346 573 1367 et
588 1348 618 1367 se
634 1337 711 1378 fugit
725 1346 754 1366 et
771 1338 933 1376 insequitur
986 1336 1026 1367 Et
1039 1336 1156 1367 Belides
1167 1346 1228 1366 non
1237 1336 1335 1366 veritae
1347 1345 1446 1376 parare
1460 1344 1564 1367 necem
1578 1335 1637 1364 sui·

122 1378 314 1419 patruelibus,
325 1379 448 1409 intentae
458 1386 596 1421 repetunt
607 1389 707 1420 aquas,
722 1389 792 1419 quas
806 1389 914 1409 necesse
925 1384 964 1409 est
979 1380 1078 1409 statim
1092 1378 1224 1419 perdant.

806 1507 947 1539 NOTAE.

167 1571 238 1597 448.
269 1565 382 1605 Dal-at]
406 1565 500 1602 Juno,
529 1576 594 1606 quae
623 1566 784 1606 majestatis
805 1565 858 1595 ob-

125 1608 188 1644 lita,
215 1607 250 1637 ad
279 1607 387 1637 inferos
414 1608 588 1638 descendere
618 1618 678 1637 non
704 1607 859 1647 dedignata

124 1655 179 1679 est.
279 1670 283 1671 γ

167 1696 238 1721 450.
266 1689 416 1728 Cerberus]
442 1688 524 1720 Ditis
552 1689 626 1719 aulae
644 1689 753 1728 janitor
779 1689 858 1717 canis

125 1733 284 1770 centieepS,
306 1740 338 1760 ut
354 1730 479 1761 Horatio
501 1732 606 1765 visum,
628 1731 735 1769 triceps
755 1739 859 1758 secun-

128 1772 198 1801 dum
213 1773 295 1806 alios,
308 1772 412 1807 leonis,
427 1772 501 1811 lupi,
517 1779 544 1800 et
561 1771 640 1799 canis
650 1779 698 1799 ora
710 1780 824 1809 gerens.

169 1819 241 1842 452.
258 1812 480 1851 Noclegenilas]
511 1812 613 1840 Furias
623 1813 694 1841 dicit
711 1809 862 1840 Aciumn-

126 1854 210 1883 tis'et
225 1851 330 1882 Noctis
346 1855 425 1882 filias.
469 1852 538 1882 Tre·
555 1852 641 1882 fuisse
653 1853 800 1888 dicuntur,
808 1851 860 1880 Ti-

126 1894 263 1935 siphone,
276 1894 391 1929 Alecto,
406 1903 434 1923 et
450 1893 595 1933 Megaera.

168 1934 214 1965 lb.
232 1935 342 1974 Grave]
363 1933 462 1964 Potest
474 1934 530 1964 hoc
542 1933 639 1964 referri
652 1934 687 1963 ad
695 1933 860 1970 Junonem,

126 1976 175 2006 sed
191 1976 287 2016 potius
302 1977 337 2005 ad
352 1975 453 2012 furiae,
475 1986 547 2015 quas
561 1978 641 2015 qnasi
662 1975 716 2005 sub
732 1985 791 2004 uno
807 1986 860 2004 nu-

104 2040 114 2046 v
126 2018 206 2048 mine
219 2016 442 2056 comprehensas
456 2017 538 2047 ‹licit-

168 2064 241 2089 458.
256 2059 434 2098 Atlamante]
460 2057 493 2088 Id
509 2066 564 2093 est,
580 2057 650 2087 seris
665 2057 837 2087 firmissimis
850 2069 857 2085 ε

127 2107 160 2130 ut
175 2100 253 2129 nullfi
263 2101 290 2128 vi
305 2110 422 2140 poenam
436 2099 565 2140 effingere
580 2099 701 2135 ualeant,
713 2099 765 2138 qui
780 2100 859 2128 intus

127 2141 217 2171 clausi
232 2148 310 2170 sunt.

168 2186 242 2213 456.
256 2182 414 2222 Scelerata]
440 2180 520 2215 Quia
534 2181 575 2211 ibi
589 2181 758 2222 plectuntur
771 2181 859 2211 scele-

127 2225 192 2255 rati.
234 2224 411 2254 Sceleratum
426 2224 526 2259 limen,
543 2222 623 2263 Virg.
638 2221 692 2252 VI.
710 2222 777 2252 ΑΕΗ.

168 2270 227 2300 4⁵7
234 2288 240 2294 .
248 2265 360 2306 Tityos]
372 2263 391 2294 δ
395 2265 455 2293 ovis
467 2265 522 2294 fuit
532 2274 561 2295 et
568 2263 663 2294 Elarae
674 2264 762 2299 filius,
771 2273 858 2302 quem

127 2306 166 2337 ob
181 2308 309 2347 corporis
324 2307 495 2336 immensam
516 2306 750 2347 magnitudinem
768 2303 860 2334 Terra

167 2349 263 2378 nitum
278 2347 367 2377 fuisse
380 2347 500 2376 fabulati
516 2355 594 2377 sunt.
645 2345 702 2376 Hic
716 2346 859 2376 Latonam

149 2399 165 2418 e
181 2396 281 2430 stupro
295 2389 439 2429 appellare
462 2385 559 2424 ausus,
581 2389 693 2428 sagittis
715 2387 860 2427 Apollinis

129 2430 165 2459 ad
180 2429 291 2460 inferno
301 2431 470 2461 deturbatus
486 2439 542 2466 est,
564 2430 613 2459 ubi
625 2430 709 2468 jecur
722 2430 863 2469 perpetuo

130 2481 278 2501 renascens
313 2473 419 2502 vulturi
454 2471 566 2501 assidue
601 2471 710 2511 praebet
739 2470 863 2499 exeden-

131 2512 211 2542 dum.

174 2559 246 2584 458.
267 2553 399 2593 Tantale]
422 2554 564 2585 Tantalus
592 2553 688 2589 Jovis,
719 2563 754 2582 ex
780 2552 863 2583 Plote

133 2593 261 2635 nymph&
274 2593 361 2631 filius,
371 2597 421 2636 qui
432 2605 550 2637 propter
560 2596 770 2638 garrulitatem,
782 2594 863 2625 Deo-

131 2647 196 2666 rum
212 2637 328 2665 secretis
340 2637 369 2665 in
383 2637 486 2678 vulgus
497 2638 628 2679 prolatis,
643 2637 688 2667 vel
699 2637 768 2677 quia
779 2635 864 2666 Pelo-

133 2687 201 2717 pem
216 2676 308 2706 fllium
316 2675 384 2708 Diis
393 2679 569 2718 epulandum
580 2679 727 2720 apposuit,
735 2677 791 2709 heic
802 2689 864 2719 ρω-

132 2719 169 2750 ῐιί
184 2718 261 2760 apud
275 2717 381 2751 inferos
395 2727 441 2751 est
450 2721 606 2758 multatus,
627 2728 661 2752 ut
674 2721 751 2752 iuter
764 2720 865 2761 epulas

901 1565 990 1601 fame,
1012 1566 1043 1595 in
1067 1565 1171 1596 mediis
1193 1567 1275 1606 aquis
1299 1566 1346 1595 siti
1373 1572 1561 1605 torqueaturg
1588 1567 1638 1597 cui

901 1607 989 1637 etiam
1006 1607 1078 1647 lapis
1094 1608 1228 1636 imminet
1238 1608 1360 1646 jamjam
1376 1606 1489 1636 cadenti
1505 1608 1616 1638 similis.

942 1652 1016 1676 460.
1038 1649 1178 1688 Sisyphe]
1206 1648 1284 1677 AEoli
1307 1648 1363 1678 fuit
1386 1649 1461 1677 filius
1484 1648 1638 1678 latrocinio

901 1687 1027 1722 infamis,
1051 1699 1138 1727 quein
1160 1688 1294 1718 Theseus
1316 1689 1440 1718 detrusit
1458 1688 1494 1717 ad
1517 1689 1638 1727 inferos,

901 1729 951 1757 ubi
971 1740 1068 1758 saxum
1085 1728 1174 1759 hahet
1189 1729 1224 1758 a‹l
1246 1730 1353 1759 montis
1368 1730 1504 1758 verticem
1520 1731 1640 1760 subvol-

902 1769 1037 1806 vendum,
1060 1771 1138 1809 quod
1159 1771 1245 1800 simul
1266 1780 1299 1800 ac
1316 1771 1346 1800 in
1361 1770 1544 1800 ascendendo
1559 1771 1639 1812 elap-

904 1821 968 1840 sum
984 1819 1038 1847 est,
1053 1813 1170 1851 cogitur
1184 1820 1324 1851 repetere.

942 1852 1017 1880 ⁷461.
1039 1852 1135 1891 Ixion]
1162 1851 1224 1886 Qui
1245 1853 1261 1882 ὲ
1275 1851 1350 1881 Jove
1365 1852 1396 1881 in
1411 1852 1520 1882 coelum
1534 1853 1638 1891 elatus,

902 1902 989 1922 ausus
1004 1901 1047 1922 est
1059 1890 1078 1922 J
1084 1904 1210 1923 unone-m
1226 1894 1392 1929 sollicitare,
1405 1894 1488 1933 cujus
1502 1895 1556 1923 sub
1567 1895 1640 1924 ima·

901 1934 971 1973 gine
986 1934 1095 1963 nubem
1113 1935 1154 1964 il'i
1167 1935 1275 1973 objecit
1289 1935 1421 1975 Jupiter,
1437 1942 1466 1964 et
1481 1935 1586 1965 deinde
1600 1936 1637 1965 ad

902 1974 1010 2004 inferos
1025 1975 1144 2015 dejecit,
1168 1977 1219 2006 ubi
1243 1985 1316 2006 rotoe
1336 1976 1471 2016 alligatus
1493 1978 1637 2008 aeternnm

901 2016 1032 2046 volvitur.
1464 2021 1468 2027 ¹

944 2056 988 2087 lb.
1003 2059 1043 2087 Ee
1054 2069 1084 2087 se
1090 2058 1283 2099 sequiturque]
1298 2057 1418 2099 Nempe
1427 2065 1498 2089 rotae
1511 2059 1641 2090 circum-

901 2108 974 2128 actae
988 2100 1098 2130 affixus.

944 2144 1016 2170 468.
1032 2141 1113 2171 Quas
1139 2141 1252 2181 erdam]
1267 2140 1347 2175 Quia
1358 2151 1417 2178 vas,
1427 2141 1542 2181 inquod
1549 2151 1638 2182 aqua·

901 2180 1039 2216 fundunt,
1057 2193 1092 2222 pc
1120 2190 1234 2213 oratum
1249 2191 1302 2212 est.

943 2222 989 2252 lb.
1004 2224 1127 2263 Belides]
1146 2225 1208 2254 Beli
1219 2228 1339 2264 nepotes.
1370 2224 1450 2254 Nam
1465 2221 1556 2253 Belus
1565 2224 1637 2255 duo·

903 2263 1007 2294 habuit
1022 2265 1107 2300 filios,
1119 2265 1254 2295 Danaum
1271 2273 1301 2295 et
1318 2264 1489 2306 AEgyptum.
1513 2264 1542 2294 ls
1552 2267 1638 2306 quin-

903 2307 1043 2345 quaginta
1066 2306 1162 2335 Danai
1184 2307 1255 2336 filias
1277 2305 1399 2336 totidem
1423 2307 1488 2336 filiis
1508 2308 1568 2337 suis
1587 2308 1637 2337 de-

903 2348 1059 2387 sponsavit.
1103 2346 1162 2377 Sed
1176 2347 1310 2384 Danaus,
1329 2349 1396 2379 cum
1413 2347 1561 2388 Apollinis
1575 2358 1636 2378 ora-

903 2388 970 2417 culo
984 2388 1141 2426 didicisset,
1154 2399 1183 2418 se
1199 2390 1374 2430 quandoque
1389 2390 1425 2419 ab
1440 2398 1501 2418 uuo
1512 2389 1642 2420 filiorum.

907 2428 1038 2470 [Egypth
1052 2440 1105 2460 suo
1118 2439 1228 2471 genero
1240 2432 1369 2461 occisum
1382 2432 1427 2467 iri,
1438 2430 1549 2460 filiabus
1558 2440 1638 2459 man-

905 2471 995 2507 davit,
1018 2480 1052 2502 ut
1073 2473 1165 2513 prima
1189 2480 1273 2502 nocte
1292 2483 1418 2513 quaeque
1440 2481 1506 2501 suos
1520 2471 1637 2500 marito·

905 2513 1083 2542 occiderent.
1137 2512 1216 2547 Quae
1243 2514 1361 2554 quidem
1389 2523 1503 2547 omnes,
1532 2518 1638 2551 praeter

905 2565 994 2584 unam
1015 2554 1272 2596 Hypermnestram
1293 2564 1364 2585 natu
1387 2555 1548 2588 minimum,
1590 2562 1637 2582 uoe

907 2594 1026 2636 Lynceo
1048 2606 1155 2638 sponso
1176 2599 1318 2637 pepercit,
1341 2598 1357 2626 ὲ
1380 2605 1438 2635 quo
1459 2600 1560 2633 postea
1607 2603 1638 2622 a-

906 2648 977 2667 naus
1002 2638 1059 2668 fuit
1086 2638 1265 2674 interfectus,
1291 2639 1364 2678 patri
1389 2642 1455 2665 sunt
1480 2634 1637 2664 obsecuta.

906 2677 1005 2712 Quare
1020 2680 1054 2709 ea
1068 2680 1156 2721 poenfi.
1177 2680 1253 2720 apud
1278 2678 1383 2708 inferos
1401 2677 1543 2706 dammtae
1558 2682 1639 2711 sunt,

906 2729 941 2753 ut
955 2721 1054 2754 cribris
1067 2731 1173 2763 uquam
1188 2720 1302 2752 haurire
1325 2728 1476 2759 nunquam
1489 2717 1637 2749 desistunt.
