1824 2991
142 84 220 121 124

625 82 669 123 P.
699 82 881 126 OVIDII
911 83 1156 127 NASONIS

131 169 211 197 ¹5⁵¹t²
224 175 251 197 θ(
262 168 368 207 inquit,
376 167 521 198 Alumnus
537 168 641 210 Risit
657 187 666 211 ε
699 179 751 220 et,
773 171 860 221 Hos
880 186 972 211 usus
991 180 1148 226 praestet
1167 170 1253 221 tibi,
1273 171 1387 221 dixit,
1406 172 1616 214 alumnus..

134 213 201 238 tuus
226 208 330 238 reserat
357 209 411 239 tibi
440 208 520 239 hunc

133 248 271 279 fructum.

322 248 521 280 Promontori-
538 225 730 266 Imminet
739 227 962 279 aequoribus
970 228 1154 280 scopulus
1167 243 1176 268 :
1189 226 1281 267 Pars
1292 227 1372 266 ima
1381 236 1540 267 cavatur
1549 231 1630 268 525

133 300 184 337 pm
198 287 346 330 (mpeudet
358 293 427 321 mari
438 302 444 319 ε
457 301 520 330 pais
537 280 759 331 Fluctibus,
773 292 812 321 et
826 289 948 321 tectas
969 281 1146 321 defendit
1161 283 1210 321 ab
1228 281 1420 322 imbribus
1439 283 1588 324 undas:

134 331 235 360 ΜΝΞ
247 339 398 362 excavatur
423 332 520 368 undis,
538 336 707 376 Summa
720 337 1050 390 riget,frontemq;
1062 337 1102 376 in
1111 344 1292 389 apertum
1301 336 1466 390 porrigit
1476 350 1626 393 aequor.

134 378 165 401 et
177 379 278 401 tuetur
295 372 399 403 fluctus
419 374 436 402 a
456 373 520 413 plu-

132 413 197 443 via:
219 423 353 453 suprema
368 424 430 454 pars
447 424 520 453 prae-
537 391 723 445 Occupat
742 392 850 431 hunc
870 392 984 443 (vires
1005 392 1157 432 insania
1170 393 1332 442 fecerat)
1352 391 1449 433 Ino:

134 461 218 501 rupta
241 461 296 488 est,
319 462 348 483 et
372 462 520 495 promovet
539 446 671 499 Seque
690 460 808 500 super
823 456 1005 500 pontum,
1035 449 1147 486 nullo
1167 446 1317 486 tardata
1336 446 1493 495 timore,

133 502 269 524 verticem
290 496 318 524 in
342 496 519 535 profundum

135 545 231 565 mare:
266 534 322 565 Ino
350 537 419 566 illuc
445 537 520 566 cele-

540 501 686 552 Mittit,
698 515 976 555 onusq;suum.
1000 501 1528 542 Percussarecanduitunda.
1550 505 1635 542 530

134 578 204 606 me„
222 577 361 606 ascendit
392 577 518 616 (dederat
536 558 589 596 At
608 557 744 596 Venus
758 556 971 597 immeritae
989 557 1118 611 neptis
1138 557 1321 597 miserata
1343 557 1508 606 labores,

133 617 248 647 vesania
274 617 358 656 vires)
384 619 520 666 'etun'uuo
536 612 604 652 Sic
625 620 764 665 patruo
784 612 960 652 blandita
980 627 1052 653 suo
1067 620 1148 652 est:
1169 613 1208 651 O
1226 625 1376 651 numen
1397 624 1607 665 aquarum,

135 665 216 687 ΜΨ
238 668 365 698 ¹⁸P¹²⁵⁵³
383 667 520 707 ¹⁰1¹c¹tset
539 666 723 707 Proxima
744 667 809 706 cui
831 669 936 707 coelo
956 668 1084 716 cessit,
1104 668 1308 721 Neptune,
1330 674 1522 720 potestas3

134 709 167 729 De
201 707 230 728 Θ(
266 710 350 730 Suum
383 710 457 729 onus
491 711 519 729 ll]

134 749 221 770 mare.
279 741 364 780 Aq'ua
398 741 522 781 impulsa
538 722 690 785 Magna
709 722 872 775 quidem
891 737 1034 776 posco:
1055 723 1123 762 sed
1144 732 1187 762 tu
1205 723 1388 762 miserere
1410 736 1604 771 meorum,

134 781 279 811 albicavit-
301 782 342 810 At
357 781 456 811 Venus
469 783 521 811 mi·
536 777 561 816 J
566 786 687 816 actam
708 791 804 830 quos
821 778 948 817 cernis
969 777 1010 817 in
1027 778 1142 817 Ionio
1158 777 1354 817 immenso
1369 793 1379 817 ε

611 831 687 871 Dis
705 832 805 871 adde
821 832 913 871 tuis.
942 832 1090 884 Aliqua
1111 840 1151 871 et
1167 831 1267 871 mihi
1283 832 1408 885 gratia
1427 839 1552 884 ponto
1563 839 1637 882 est,

132 830 230 852 serata
272 822 384 851 dolores
425 823 522 862 neptis
539 832 592 871 Et

135 862 210 893 nibil
233 862 289 892 tale
311 863 460 898 merentis,
483 864 521 892 ita
556 887 565 897 ,

1551 781 1634 819 535

133 903 519 943 demulsitpatruumsuum;
539 886 583 926 si
603 893 736 926 tamen
754 886 796 925 in
818 886 884 926 dio
904 887 1105 940 quondam
1125 894 1312 926 concreta
1324 887 1521 940 profundo

135 943 165 974 0
187 943 338 984 Neptune,
361 949 471 974 numen
493 955 522 973 a·
539 942 693 995 Spuma
710 941 780 990 fui,
795 941 1046 996 Graiumque
1060 951 1196 982 manet
1211 942 1312 982 mihi
1327 956 1475 983 nomen
1488 943 1538 982 ab
1553 942 1633 985 illa.

133 995 269 1068 {33:32
286 995 364 1056 ³02¹<ss
389 992 524 1056 ⁶¹:153?
540 998 697 1037 Annffl‘
715 1005 845 1037 01³¹ssss

868 998 1080 1050 Neptunus
1097 1013 1108 1047 3
1129 1006 1168 1037 et
1188 998 1351 1038 abstulit
1370 998 1447 1038 illis

135 1068 274 1108 potestati
290 1068 320 1096 in
335 1067 455 1103 coelum,
478 1077 521 1096 ro-
539 1052 658 1096 Quod
680 1053 845 1092 mortale
859 1053 946 1101 fuit,
962 1051 1290 1107 majestatemque
1311 1053 1523 1094 verendam
1552 1058 1639 1096 540

134 1119 174 1149 go
202 1108 336 1148 equidem
367 1109 520 1148 ingentia5
539 1107 745 1161 Imposuit,
762 1121 989 1161 nomenque
1009 1110 1128 1148 simul
1149 1109 1372 1162 faciemque
1394 1109 1578 1150 novavit:

136 1150 188 1180 sed
213 1157 248 1179 tu
275 1151 410 1178 miserere
442 1159 522 1178 meo-

135 1201 213 1226 rum,
235 1200 308 1229 quos
329 1190 407 1218 vides
422 1191 522 1230 agitari

99 1247 101 1249 ·
137 1233 167 1262 in
184 1240 262 1260 vasto
277 1233 352 1260 mari
368 1230 467 1264 Ionio;
492 1239 522 1260 ct

538 1162 849 1216 Leucothoeque
869 1162 1005 1203 Deum
1028 1177 1120 1203 cum
1138 1172 1263 1204 matre
1281 1164 1511 1204 Palaemona
1523 1164 1638 1206 dixit.

593 1218 691 1271 XII.
714 1218 889 1257 Sidoniae
904 1219 1081 1268 comites,
1095 1221 1286 1273 quantitm
1300 1220 1473 1270 valuere,
1488 1227 1637 1260 secutae

137 1273 228 1311 adjice
242 1271 311 1302 Diis
326 1273 382 1301 ‘¹11⁵
392 1273 522 1301 murinis.
540 1274 664 1327 Signa
681 1273 842 1326 pedum,
856 1274 986 1326 primo
1005 1273 1137 1314 videre
1160 1274 1371 1314 novissima
1385 1284 1478 1315 saxo
1492 1290 1503 1317 τ

130 1313 190 1344 Est
215 1314 300 1343 etiam
326 1312 397 1342 mihi
428 1313 524 1352 aliqua

135 1364 229 1396 grana
244 1365 275 1384 m
288 1364 358 1384 mari
370 1367 378 1389 ;
392 1365 415 1383 st
425 1361 523 1383 tamen

540 1329 628 1369 Nec
647 1328 813 1368 dubium
829 1329 877 1368 de
891 1338 1018 1368 morte
1031 1337 1139 1379 ratae,
1155 1329 1375 1370 Cadmeida
1388 1330 1532 1383 palmis
1551 1334 1634 1372 545
1682 1337 1689 1341 ’

136 1396 208 1426 olim
223 1403 291 1424 nata
309 1396 339 1424 in
351 1395 416 1424 divo
432 1403 524 1435 ponto
540 1383 795 1438 Deplanxere
815 1384 980 1424 domum
998 1385 1128 1425 scissae
1149 1399 1242 1425 cum
1262 1393 1367 1425 veste
1384 1385 1562 1438 capillos.

136 1447 241 1477 spuma
262 1437 316 1472 fui,
338 1443 368 1465 et
387 1436 522 1465 Graecum

136 1488 246 1507 nomen
261 1477 335 1507 milii
353 1484 397 1506 est
411 1477 446 1507 ab
463 1477 522 1507 illa.

136 1517 297 1558 Neptunus
321 1529 455 1547 assensus
479 1526 523 1547 est

136 1560 281 1601 precanti,
303 1567 332 1588 et
345 1559 401 1588 illis
415 1559 523 1588 ademit

542 1440 677 1494 thue
693 1438 972 1493 partimjustae‚
993 1440 1248 1494 nimiumque
1267 1440 1309 1480 in
1328 1440 1474 1494 pellice
1491 1454 1609 1481 saevae

540 1495 737 1535 Invidiam
755 1496 884 1534 fecere
902 1494 1017 1536 Deae.

1077 1495 1268 1538 Convicia
1286 1495 1313 1536 J
1317 1509 1398 1536 uno

136 1601 214 1640 quod
229 1599 286 1633 fuit
303 1601 388 1629 morti
402 1600 573 1634 obnoxium,
593 1604 624 1627 et
642 1596 751 1626 addidit
771 1596 948 1634 majestatem
963 1596 1154 1633 tremendam,
1179 1603 1210 1626 et
1230 1598 1352 1627 mutavit
1372 1596 1459 1627 simul
1478 1606 1586 1629 nomen
1607 1603 1639 1627 et

136 1642 232 1671 vultus
244 1653 252 1675 3
267 1647 298 1670 et
310 1641 419 1670 vocavit
429 1639 529 1669 Deum
545 1638 739 1670 Palaemonem
754 1647 821 1666 cum
833 1645 923 1666 matre
935 1636 1114 1667 Leucothoe.

178 1680 253 1712 Xll.
273 1681 403 1714 Comites
416 1679 545 1710 Sidoniae
559 1686 713 1719 sequentes
728 1678 849 1717 vestigia
861 1679 1005 1717 quantum
1018 1684 1186 1718 potuerunt,
1207 1678 1341 1708 viderunt
1354 1678 1456 1708 ultima
1466 1679 1496 1708 in
1511 1678 1640 1709 extrema

136 1733 208 1764 rupe
221 1735 228 1751 :
252 1730 282 1751 et
298 1722 446 1752 credentes
459 1722 540 1751 nullo
555 1721 642 1750 modo
653 1719 689 1748 de
703 1728 800 1748 eorum
815 1726 907 1747 morte
922 1718 1115 1748 dubitandum
1135 1729 1209 1754 esse,
1230 1718 1360 1749 laceratis
1374 1719 1541 1749 crinibuset
1553 1720 1641 1749 vesti-

136 1764 204 1800 bus,
218 1764 396 1794 defleverunt
405 1763 508 1802 palmis
522 1762 664 1802 percussis
679 1760 796 1789 domum
812 1759 990 1789 Cadmeiam.
1032 1760 1073 1789 Et
1087 1760 1185 1790 odium
1198 1760 1359 1790 excitarunt
1371 1760 1401 1789 in
1414 1758 1641 1792 Junonem·tan-

138 1815 225 1846 quam
241 1805 344 1846 parum
355 1814 481 1844 aequam,
496 1812 525 1833 et
540 1803 663 1833 nimium
678 1800 823 1831 crudelem
839 1802 869 1830 in
884 1801 1052 1833 adulteram.
1075 1800 1096 1830 J
1100 1811 1158 1830 uno
1172 1800 1276 1841 probra
1590 1802 1594 1805 “

814 1895 953 1927 NOTAE.

179 1963 248 1989 524.
268 1955 330 1987 Hos
343 1955 426 1995 usus]
441 1954 486 1986 Ut
499 1963 637 1996 tanquam
644 1953 762 1986 Baccho
769 1953 867 1994 plena,

135 1997 192 2030 bac
205 1999 283 2028 rabie
297 1998 431 2027 tenearis.

179 2039 224 2069 Ib.
240 2038 400 2076 Azumnus]
426 2039 570 2074 Bacchus,
592 2047 680 2077 quem
696 2037 759 2075 jam
781 2042 866 2065 antea

139 2080 210 2112 Inos
223 2081 374 2110 alumnum
389 2079 522 2108 vidimus.
720 2092 730 2102 v

183 2128 251 2151 525.
266 2120 420 2162 Scopuzus]
448 2120 577 2150 Molaris
591 2122 676 2159 petra
697 2118 713 2147 a
727 2116 868 2147 Pausania

137 2163 310 2202 appellatur,
347 2162 398 2200 qui
431 2159 618 2190 Athamantis
657 2160 799 2188 insaniam
832 2158 867 2187 ad

139 2201 244 2243 Phryxi
260 2210 288 2231 et
304 2202 406 2232 Helles
422 2202 541 2231 exilium
555 2199 701 2231 transfert.

184 2249 253 2274 530.
278 2242 372 2281 Onus]
391 2243 573 2272 Melicertam
587 2243 691 2277 filium,
706 2241 755 2280 qui
769 2246 868 2269 autore

136 2284 290 2319 Pausania,
311 2284 328 2312 a
348 2282 506 2323 Delphinis
528 2291 676 2324 exceptus,
699 2290 728 2312 et
745 2282 775 2311 in
790 2280 869 2311 Isth-

138 2336 220 2357 mum
236 2323 421 2354 Corinthium
438 2326 595 2365 expositus,
614 2326 644 2354 in
660 2323 794 2354 Deorum
808 2333 870 2352 ma-

138 2369 266 2398 rinorum
283 2376 434 2395 numerum
450 2366 555 2395 relatus
571 2372 625 2402 est,
647 2364 798 2404 dictusque
812 2362 867 2393 Pa-

140 2410 245 2439 laemon
260 2417 310 2436 seu
326 2405 482 2436 Portunus.

182 2455 252 2480 531.
267 2447 381 2488 Neptis]
408 2446 489 2480 Quia
509 2445 581 2476 Insss
603 2454 693 2475 mater
713 2445 769 2475 fuit
790 2444 866 2476 Har-

139 2492 238 2522 monia
351 2500 360 2519 ι
383 2498 464 2526 uxor,
487 2484 572 2527 quain
587 2486 689 2517 Venus
710 2497 745 2516 ex
766 2486 865 2516 Marte

138 2537 288 2574 genuerat.

127 2599 129 2601 .
184 2579 253 2603 532.
269 2570 389 2610 Patruo]
413 2571 561 2611 Neptuno,
576 2569 658 2599 Jovis
672 2567 764 2604 fratri,
778 2577 866 2607 quem

138 2614 158 2644 J
163 2624 244 2644 ovem
260 2612 360 2642 Venus
375 2622 429 2653 pro
444 2619 523 2652 patre
578 2611 680 2640 noscit.

181 2661 251 2686 585.
275 2653 366 2692 Ionio]
392 2652 477 2683 Mare
492 2660 539 2683 est
570 2653 670 2683 onium
682 2650 718 2682 ad
733 2658 867 2681 occasum

139 2695 224 2737 Epiri
238 2702 268 2728 et
281 2694 486 2737 Peloponnesi.

955 1959 1024 1983 538.
1040 1952 1158 1991 IlIanet]
1177 1951 1329 1993 Ἀφροδίτη
1345 1952 1424 1983 enim
1437 1951 1544 1983 dieitur
1554 1952 1640 1984 Grae·

909 1995 950 2024 cis
964 1994 982 2024 a
996 1995 1080 2023 maris
1095 1994 1207 2035 spuma.

951 2042 1008 2065 541
1016 2057 1022 2064 .
1037 2036 1204 2073 Nomenque
1217 2033 1317 2073 simul]
1333 2033 1401 2063 Hoc
1412 2040 1467 2070 est,
1478 2034 1599 2074 lig-uram
1609 2041 1640 2066 et

909 2086 1015 2105 nomen
1028 2075 1100 2105 Infls
1115 2084 1143 2105 et
1158 2074 1321 2105 Melicertae
1337 2076 1536 2104 commutavit.
1560 2074 1642 2105 Nam

909 2116 964 2146 Ino
988 2118 1148 2146 Leucothea
1171 2116 1289 2151 Graece3
1313 2114 1418 2145 Latine
1438 2116 1562 2146 Matuta
1581 2116 1640 2146 fuit

909 2168 946 2198 ap
967 2158 1060 2187 ellata.
1083 2158 1236 2187 Melicerta
1246 2158 1314 2186 verb
1323 2157 1340 2186 a
1352 2157 1464 2187 Graecis
1477 2157 1639 2193 Pabemon,

909 2199 926 2228 a
993 2200 1061 2228 tinis
1081 2200 1236 2234 Portunus,
1258 2198 1314 2227 fuit
1334 2203 1530 2238 nuncupatus.
1573 2196 1640 2227 Ho-

910 2240 1039 2270 minibus
1054 2242 1132 2270 enim
1142 2241 1172 2270 in
1181 2239 1262 2270 Deos
1275 2239 1370 2269 relatis
1378 2239 1496 2268 nomina
1508 2246 1582 2267 nova
1591 2238 1639 2268 in-

910 2281 1061 2312 debantur.
1638 2291 1640 2293 ·

954 2329 1024 2353 543.
1046 2321 1186 2362 Sidom'ae]
1220 2321 1369 2351 Matronae
1396 2319 1547 2355 Tlaehanoe,
1571 2328 1638 2359 quae

908 2363 1011 2395 Cadmi
1028 2363 1135 2393 Sidone
1150 2362 1263 2393 oriundi
1278 2362 1363 2391 sociis
1378 2367 1543 2401 nupserant.

951 2411 1021 2435 545.
1046 2403 1217 2442 Cadmeida]
1243 2403 1295 2432 Ino
1305 2401 1407 2431 Cadmi
1422 2401 1521 2431 filiam.

952 2451 1022 2477 546.
1038 2443 1232 2488 Deplamere]
1248 2442 1393 2483 Deflevere
1406 2442 1507 2483 palmis
1521 2448 1638 2483 pectora

908 2487 1077 2528 plangentes
1092 2494 1122 2516 et
1135 2485 1339 2526 percutientes.
1647 2497 1649 2499 ·
1680 2486 1688 2495 ”

953 2535 1022 2562 547.
1044 2526 1159 2564 Pelliee]
1184 2525 1303 2561 Semele,
1316 2524 1426 2554 Bacchi
1440 2530 1541 2561 matre,
1555 2524 1638 2564 cujtn

908 2570 992 2599 causa
1013 2569 1175 2598 universam
1193 2563 1303 2596 Bacchi
1326 2565 1466 2598 familiam
1485 2564 1637 2599 infestiui·

908 2619 958 2642 mo
971 2610 1038 2641 odio
1053 2607 1291 2650 prosequebatur.
