1824 2991
570 151 964 197 METAMORPH.
994 152 1089 194 Lm.
1110 149 1224 192 XIV.

200 244 252 287 V.
267 243 383 286 Talia
398 256 621 284 convexum
637 256 709 297 per
724 242 798 282 iter
813 247 1062 282 memorante
1073 239 1242 292 Sibylla,

144 301 316 350 Sedibus
336 299 561 339 Euboicam
584 298 732 353 Stygiis
748 297 918 351 emergit
938 297 980 346 in
1000 297 1140 337 urbem
1163 298 1239 334 155

146 357 292 398 Troius
307 356 456 396 AEneas
473 371 482 395 ε
505 355 703 408 sacrisque
724 355 746 393 ὲ
768 367 878 398 more
893 352 1027 402 litatis,

147 412 307 454 Littera
324 412 407 452 adit
427 411 608 452 nondum
630 410 794 450 nutricis
815 409 1002 448 habentia
1021 421 1186 448 nomen.

1573 152 1658 190 409

1300 235 1338 266 V.
1361 235 1472 277 Sibylla
1492 235 1561 266 talia
1583 235 1659 266 refe-

1259 285 1340 308 rente
1368 289 1420 318 per
1442 279 1586 308 tramitem
1613 288 1659 307 ar-

1259 319 1363 355 duum,
1386 319 1492 348 AEneas
1514 318 1659 360 Phrygius

1259 361 1357 402 prodit
1377 361 1406 389 in
1429 361 1530 389 urbem
1547 360 1660 390 Euboi-

1261 413 1324 432 cam
1346 412 1380 431 εκ
1403 401 1474 431 locis
1489 402 1605 431 inferis:
1629 410 1661 434 et

1262 444 1408 474 sacrificiis
1430 442 1552 472 feliciter
1576 443 1661 472 abso-

128 518 132 523 ,
148 467 235 509 Htc
252 482 410 521 quoque
430 466 656 506 substiterat
675 474 763 519 post
781 464 899 509 taedia,
919 465 1041 516 longa
1060 465 1244 515 laborum
1263 486 1333 516 lutis
1377 483 1537 514 secundum
1577 485 1661 520 ritus,

148 524 328 565 Neritius
348 523 573 571 Macareus,
593 535 728 561 comes
748 520 987 574 experientis
1009 519 1165 573 Ulyssei
1177 533 1188 568 ;

1262 526 1453 568 pervenitad
1486 535 1551 555 oras
1588 535 1662 554 tton-

148 579 366 621 Desertum
379 577 582 631 quondam
603 576 743 617 mediis
756 577 826 630 qui
842 576 1004 630 rupibus
1016 574 1154 616 AEtnae
1169 578 1247 614 160
1264 569 1333 598 dum
1376 567 1518 597 habentes
1552 576 1662 596 “⁰¹⁰2‘'

151 634 297 675 Noscit
316 632 653 674 Achaemeniden:
675 632 968 686 improvisoque
988 638 1190 685 repertum

147 689 292 731 Vivere
313 689 489 739 miratus,
510 689 612 731 Quis
632 696 672 728 te
692 702 852 735 casusve
873 687 1035 728 Deusve

150 746 303 795 Servat,
313 745 604 785 Achaemenide
616 745 629 784 ?
653 758 736 794 cur,
744 743 890 798 inquit,
898 744 1063 783 barbara
1071 741 1240 796 Grajssm

149 801 271 842 Prora
286 801 423 842 vehit?
456 800 603 854 petitur
619 802 747 840 vestra
766 813 856 853 quae
872 808 975 839 terra
991 799 1154 839 carina?

150 855 268 898 Talia
288 857 496 911 quaerenti,
506 855 591 909 jam
613 869 694 896 non
714 855 888 895 hirsutus
907 855 1078 905 amictu,

150 911 246 953 Jam
269 927 375 962 suus,
397 920 436 951 ct
455 912 578 965 spinis
596 918 777 951 conserto
796 911 975 963 tegmine
996 910 1130 959 nullis,

1264 610 1396 640 nutricis.
1430 608 1585 638 Macareus
1600 606 1665 637 Ne·
1677 638 1683 642 ,

1266 653 1361 687 titius,
1379 651 1475 680 socius
1491 650 1667 691 perspicacis

1265 692 1390 733 Ulyssis,
1422 691 1472 721 bic
1502 692 1591 720 etiam
1618 701 1665 720 re-

1266 736 1415 774 quieverat
1430 741 1496 774 post
1511 733 1597 773 longa
1612 739 1667 762 tae-

1266 777 1313 806 dia
1328 776 1478 810 laborum;
1495 775 1547 814 qui
1561 784 1667 814 agnos·

1267 819 1308 847 cit
1333 816 1567 847 Achaemeniden
1595 815 1666 845 olim

1171 859 1248 894 165
1267 859 1440 889 destitutum
1486 858 1516 886 in
1564 857 1668 886 mediis

1267 901 1400 930 cautibus
1415 898 1515 928 AEtnae
1530 909 1535 926 :
1560 905 1591 928 et
1604 905 1668 928 stu-

1267 953 1340 981 pens
1359 941 1438 981 qubd
1459 951 1495 970 ex
1511 940 1668 980 improviso

150 968 275 1009 Fatur
289 967 623 1008 Achaemenides:
642 967 792 1007 Iterum
805 966 1146 1020 Polyphemon‚et
1162 964 1250 1004 illos
1267 992 1396 1023 repertus
1424 983 1454 1010 3„
1483 982 1552 1010 viv-,s
1580 988 1669 1017 esset,

151 1023 359 1077 Aspiciam
376 1023 524 1064 fluidos
545 1023 723 1062 humano
742 1022 936 1075 sanguine
957 1021 1094 1071 rictus3

152 1078 247 1119 Hac
264 1079 365 1119 mihi
385 1079 417 1119 si
438 1079 567 1132 potior
586 1079 728 1118 domus
748 1086 806 1117 est
823 1078 1041 1131 Ithaceque
1063 1076 1199 1116 carina
1212 1091 1221 1100 ·

1269 1023 1347 1057 Quae
1358 1023 1485 1058 fortuna,
1498 1023 1607 1062 inquit,
1620 1023 1666 1052 vel

1269 1067 1334 1104 quis
1363 1064 1445 1094 Deus
1473 1073 1501 1092 te
1528 1063 1668 1101 custodit,

1211 1107 1222 1125 ³
1270 1105 1506 1136 Achaemenide?
1565 1115 1669 1145 quam-

152 1135 197 1175 Si
210 1135 341 1175 minus
350 1134 508 1175 AEnean
517 1148 683 1174 veneror
689 1134 881 1187 genitore.
890 1133 978 1173 Nec
988 1147 1165 1186 unquam
1175 1135 1253 1183 170
1270 1149 1370 1177 obrem
1385 1148 1465 1176 „mv-,s
1477 1145 1602 1186 Phrygia
1617 1146 1668 1178 hae

151 1190 253 1231 Esse
272 1192 363 1230 satis
384 1200 535 1244 potero,
555 1196 742 1243 prae'stem
763 1189 859 1228 licet
878 1188 1029 1237 omnia,
1049 1202 1196 1241 gratus.

151 1246 273 1291 Quod
288 1247 439 1299 loquor,
450 1255 490 1285 et
502 1245 607 1298 spiro
615 1261 626 1295 3
645 1246 891 1298 coelumque,
906 1252 945 1284 et
961 1243 1087 1285 sidera
1101 1243 1205 1283 Solis

1270 1189 1322 1218 bet
1339 1189 1500 1217 Graecum?
1525 1199 1590 1227 quoe
1613 1188 1668 1217 tel-

1272 1230 1316 1260 lus
1328 1230 1468 1269 quaeritur
1478 1230 1570 1258 vestra
1579 1231 1641 1258 navi
1652 1230 1666 1259 ?

1247 1277 1249 1279 ’
1271 1270 1495 1301 Achaemenides
1515 1281 1592 1300 nunc
1607 1281 1667 1300 noti

150 1301 354 1355 Respici0‚
373 1301 589 1355 (possimne
602 1302 791 1354 ingratus,
808 1308 848 1340 et
860 1300 1076 1339 immemor
1095 1300 1222 1351 esse?)
1270 1312 1406 1353 hispidus
1437 1313 1553 1349 vestitu,
1589 1322 1668 1342 nunc

151 1357 227 1398 Ille
248 1357 378 1407 dedit3
400 1357 506 1411 quod
526 1371 607 1396 non
627 1356 762 1397 anima
781 1356 870 1395 haec
889 1355 1075 1409 Cyclopis
1096 1355 1136 1394 in
1158 1369 1226 1396 ora

150 1412 295 1455 Venit:
311 1417 354 1453 et'
367 1421 411 1452 ut
425 1412 655 1467 lumenjam
670 1426 778 1452 nunc
794 1412 913 1451 vitale
927 1411 1252 1465 relinquam,175

150 1469 234 1510 Aut
249 1471 422 1518 tumulo,
443 1479 512 1508 aut
533 1477 638 1509 certe
655 1482 735 1525 non
758 1468 828 1507 illa
848 1467 998 1507 condar
1014 1467 1055 1507 in
1076 1467 1178 1507 alvo.

1271 1355 1414 1394 suijuris,
1436 1361 1467 1382 et
1487 1361 1565 1383 veste
1581 1354 1669 1383 nullis

1270 1397 1362 1436 spinis
1376 1395 1482 1430 obsita,
1494 1395 1565 1424 talia
1584 1395 1672 1425 refert

1270 1437 1404 1478 petenti;
1422 1435 1543 1465 Utinam
1559 1436 1673 1467 videam

1271 1479 1369 1509 denuo
1384 1477 1608 1517 Polyphemum,
1628 1485 1672 1508 at-

1272 1531 1330 1560 que
1352 1519 1424 1549 illud
1445 1529 1477 1547 os
1487 1520 1591 1560 fluens
1607 1529 1673 1550 san-

150 1566 242 1606 guine
264 1564 414 1595 humano:
437 1566 462 1595 si
483 1564 528 1594 vel
550 1564 654 1595 Ithaca
675 1572 719 1594 est
745 1563 818 1594 mihi
841 1565 932 1593 carior
953 1563 1056 1593 doinus
1075 1562 1129 1593 hac
1152 1564 1230 1599 navi,
1251 1563 1275 1592 si
1292 1562 1391 1590 minus
1414 1560 1526 1589 honoro
1547 1560 1674 1591 AEneam

132 1606 241 1646 Aquam
256 1614 387 1647 patrem:
412 1617 505 1646 neque
527 1617 656 1646 unquam
671 1616 774 1647 porero
795 1616 859 1635 esse
883 1605 952 1635 satis
974 1615 1099 1642 memor,
1122 1606 1253 1645 quamvis
1276 1603 1380 1632 faciam
1396 1603 1506 1631 omnia.
1550 1601 1598 1632 Ex
1612 1603 1675 1641 ejus

153 1647 299 1678 beneficio
314 1657 357 1677 est
371 1648 450 1687 quod
465 1648 548 1678 verba
560 1647 647 1684 facio,
663 1657 691 1677 et
707 1650 780 1684 vivo,
796 1655 825 1677 et
840 1648 954 1677 intueor
968 1647 1076 1676 coelum
1089 1656 1118 1676 et
1132 1647 1240 1682 solem;
1259 1645 1337 1685 quod
1348 1643 1412 1673 haec
1425 1645 1522 1673 anima
1535 1654 1594 1673 non
1609 1645 1676 1674 data

151 1697 196 1718 est
212 1690 243 1719 in
257 1690 346 1719 rictus
369 1688 507 1730 Cyclopis
526 1690 686 1730 (possimne
710 1700 772 1719 esse
800 1690 954 1718 immemor
976 1697 1006 1717 et
1028 1690 1158 1728 ingratus
1169 1687 1195 1727 ?)
1222 1696 1251 1717 et
1267 1695 1432 1725 quanquam
1454 1685 1514 1723 jam
1528 1695 1608 1716 nunc
1623 1685 1674 1715 de-

132 1736 134 1742 ·
151 1740 243 1762 seram
259 1731 358 1762 lumen
374 1730 473 1769 vitale,
488 1740 540 1762 aut
554 1741 712 1772 componat·
727 1732 757 1761 in
773 1729 974 1772 sepulchrum,
989 1737 1040 1760 aut
1054 1731 1132 1769 certe
1144 1739 1203 1759 non
1219 1729 1250 1760 in
1261 1729 1345 1759 illum
1356 1734 1498 1757 ventrem.

857 1923 996 1956 NOTAE.

209 2005 279 2029 154.
297 1998 479 2038 Convexum]
496 1997 625 2028 Ascensu
639 1998 775 2028 arduum.

207 2046 221 2070 1
229 2047 278 2071 55.
290 2040 465 2079 Euboicam]
484 2040 594 2071 Cumas
603 2038 840 2069 Chalcidensium
851 2049 901 2069 co-

161 2081 271 2112 loniam
285 2094 292 2111 :
315 2081 433 2111 Chalcis
447 2083 527 2111 enim
544 2080 667 2111 Euboeae
681 2081 737 2110 fuit
750 2081 858 2110 civitas.

208 2122 254 2192 nil
280 2123 407 2164 Styg-iis]
440 2123 562 2163 Irfferis:
587 2123 603 2153 a
626 2122 717 2164 Styge
740 2121 900 2153 inferorum

215 2175 233 2194 u
255 2174 281 2194 e.

165 2164 283 2235 ΡΘ1156.
299 2205 421 2244 Litoris]
440 2206 571 2236 Feliciter
576 2207 712 2247 peractis.

211 2252 281 2281 157.
311 2246 456 2286 Nutricis]
484 2247 610 2287 Cajeloe:
637 2258 704 2286 quae
725 2247 765 2276 ibi
788 2247 903 2288 sepulta

187 2290 367 2318 romontorio
386 2299 474 2327 atque
495 2289 561 2318 urbi
583 2298 690 2318 nomen
709 2288 801 2325 dedit,
822 2291 851 2318 in
868 2290 902 2318 ea

166 2299 357 2370 Kleapolitaui
373 2331 454 2370 regni
471 2339 562 2369 parte,
585 2340 652 2369 qua·
668 2329 754 2360 hodie
772 2331 903 2360 Terra‘di

166 2372 282 2402 Lao-oro
296 2371 412 2401 dicitur.
455 2370 633 2410 Quanquam
652 2371 769 2401 aliunde
787 2372 836 2401 alii
851 2382 904 2401 no-

165 2413 254 2443 minis
270 2414 352 2442 istius
366 2414 506 2442 rationem
521 2413 680 2442 deducunt.

211 2460 283 2486 1⁵9.
310 2454 454 2493 Neritius]
487 2455 661 2483 Ithacensis.-
691 2453 748 2484 fuit
777 2463 903 2494 namque

163 2493 286 2524 Neritus
301 2505 385 2525 mons
400 2494 511 2525 Ithacae
526 2494 639 2536 Ulyssis
658 2497 768 2536 patriae.
805 2494 904 2535 Hujus

163 2544 263 2565 autem
286 2535 417 2566 Macarei
438 2537 543 2567 melias
566 2538 603 2567 ab
629 2538 693 2577 ipso
714 2536 902 2578 postmodum

106 2608 108 2610 ,
165 2587 268 2607 nosces
282 2576 443 2608 historiam.

213 2623 283 2667 162.
298 2619 531 2659 Achaenzeniden]
560 2619 673 2662 Ulyssis
691 2621 798 2655 socius,
821 2618 904 2661 Poly-

168 2658 270 2700 phemi
290 2659 425 2702 Cyclopis
447 2662 552 2691 timore
572 2664 604 2693 in
625 2660 724 2693 Sicilia
745 2663 781 2692 ab
798 2662 904 2702 Ulysse

168 2701 297 2772 reiictgst,
310 2703 362 2743 qui
377 2712 445 2737 mox
457 2713 539 2736 casu·
552 2708 619 2737 stio-
634 2703 774 2739 Macareo
789 2704 903 2746 petenti

167 2752 249 2773 nam
271 2753 280 2773 1
296 2764 304 2774 ι
449 2757 453 2761 “

989 2001 1057 2028 163.
1075 1995 1220 2036 Barbara]
1245 1995 1373 2036 Trty'ana
1387 1996 1482 2025 navis:
1500 2005 1568 2025 nam
1581 1993 1680 2026 Graeci

943 2048 1062 2070 caeteros
1073 2049 1177 2069 omnes
1187 2039 1328 2068 vocabant
1345 2039 1498 2067 Barbaros.

985 2080 1030 2111 Ib.
1047 2079 1193 2119 Graj-fam]
1214 2079 1341 2110 Miratur
1357 2078 1512 2109 Macareus
1524 2076 1681 2108 Achaeme-

942 2123 1030 2163 niden
1053 2123 1193 2152 Graecum
1232 2121 1404 2163 Ulyssisque
1432 2121 1582 2157 comitem,
1612 2130 1681 2150 cum

945 2164 1078 2204 Trojanis
1092 2163 1227 2194 hostibus
1240 2166 1386 2204 navigare.

989 2210 1058 2237 165,
1084 2206 1236 2245 Hirsutus]
1263 2205 1390 2239 Qualem
1409 2204 1519 2245 optime
1545 2201 1683 2234 describit

944 2247 1052 2278 Mar'o:
1069 2258 1157 2287 quem
1172 2247 1248 2283 vide,
1264 2247 1334 2277 AEn.
1350 2253 1367 2276 3
1384 2246 1438 2275 sub
1453 2246 1523 2276 fine.

991 2294 1059 2319 166.
1069 2289 1144 2319 Jam
1154 2289 1238 2327 suus]
1253 2288 1323 2318 Jam
1336 2288 1447 2317 liberet
1456 2288 1501 2316 sui
1511 2287 1599 2325 juris:
1613 2287 1682 2317 cum

945 2340 1029 2361 antea
1055 2329 1230 2370 Polyphemi
1261 2331 1360 2371 potius
1390 2329 1542 2359 mactanda
1565 2329 1683 2358 victima

945 2373 999 2402 sibi
1017 2373 1171 2402 videretur.

988 2413 1033 2443 lb.
1059 2412 1178 2454 Nullis]
1215 2411 1291 2442 Cum
1317 2414 1409 2453 prius,
1436 2413 1507 2442 dum
1530 2412 1561 2441 in
1585 2412 1682 2441 dumis

945 2455 1083 2492 latitaret,
1105 2455 1197 2484 lacera
1222 2462 1253 2484 et
1271 2455 1362 2494 spinis
1384 2453 1499 2494 hispida
1526 2454 1615 2482 vestis
1638 2462 1684 2481 es-

945 2504 998 2526 set·

989 2542 1060 2567 168.
1075 2537 1240 2579 Aspiciam]
1267 2536 1381 2568 Misere
1404 2546 1520 2577 peream
1541 2533 1592 2563 Pol
1630 2532 1686 2580 lte-

944 2580 985 2609 mi
1000 2578 1131 2609 redditus
1149 2589 1244 2615 antro,
1266 2580 1320 2608 nisi
1340 2578 1413 2608 mihi
1434 2577 1498 2607 haec
1517 2575 1571 2605 sub
1627 2585 1645 2604 n

945 2621 1077 2652 conditio
1104 2621 1200 2662 potior
1221 2622 1271 2656 sit,
1300 2621 1388 2660 quam
1412 2619 1461 2648 illa
1481 2617 1536 2647 sub
1564 2615 1680 2657 Ulysse.

946 2661 986 2693 Se
1011 2663 1089 2692 enim
1115 2671 1231 2703 gratum
1253 2672 1322 2703 erg-a
1341 2661 1465 2692 AEneam
1488 2657 1619 2688 ostendit
1636 2657 1681 2688 A-

944 2704 1152 2736 chaemenides.

990 2749 1060 2780 169.
1075 2745 1155 2787 Hac]
1181 2744 1250 2778 Qud
1263 2755 1340 2776 nunc
1353 2743 1448 2780 vehor,
1463 2741 1500 2783 (i.
1509 2741 1548 2783 e.)
1565 2740 1681 2774 AEroeia.
1735 2774 1737 2776 ,
