1824 2991
135 148 218 187 388

627 143 671 186 P.
701 143 884 186 0V1D11
915 143 1162 185 NASONIS

136 231 191 264 1¹¹0
229 235 293 274 ῐῑωε
327 232 410 274 θῖῑὲῑῐ
451 230 531 280 ῑῙῙΡΨ
550 232 619 273 De
634 233 752 273 tantis
773 233 913 285 opibus
933 233 1108 286 praedam
1129 230 1218 285 pius
1239 229 1353 284 eligit
1373 229 1500 281 illam,-

137 277 264 316 proedmn
289 274 323 304 de
339 275 432 304 'tantis
461 274 531 304 divi-

138 319 197 352 tiis,
223 327 310 356 atque
332 327 416 346 suum
441 316 531 345 filium

551 289 848 341 Ascaniumque
859 301 974 327 suum
989 304 997 328 ε
1012 289 1258 341 profugaque
1269 299 1339 339 per
1351 299 1511 340 aequora
1525 286 1647 326 classe

139 358 260 388 lulum:
287 367 317 388 et
351 357 463 387 vehitur
498 357 533 385 ab
552 341 1648 395 FerturabAnmndr03scelerataqueliminaThmcssm,

137 399 291 430 Antandro
325 399 413 428 elme
450 398 534 428 “¹¹¹⁸
553 401 607 440 Et
622 400 837 453 Polydoreo
859 409 1088 438 manantem
1108 397 1303 450 sanguine
1320 405 1465 436 terram

137 451 190 483 per
204 442 308 476 maria;
330 449 416 480 atque
431 441 535 469 deserit

140 493 204 512 oras
235 481 409 512 facinorosus
441 480 534 510 Thra-

555 456 744 509 Linquit:
767 465 804 495 et
825 454 988 495 utilibus
1005 454 1143 503 ventis,
1163 462 1340 506 aestuque
1359 452 1537 492 secundo
1564 455 1648 493 630

141 526 222 560 cnm,
237 533 265 553 et
282 524 414 553 tellurem
437 522 534 562 persu-
553 511 678 551 Intrat
701 511 955 564 Apollineam
977 510 1093 550 sociis
1114 509 1398 549 comitantibus
1419 507 1574 548 urbe'm.
1622 521 1624 523 ’

139 574 315 595 ⁵³m‘cffl0‘2'
332 563 482 603 Polydori:
506 571 535 592 ‘t
554 567 681 607 Hunc
697 566 837 617 Anius,
858 581 936 620 quo
953 580 1043 619 rege
1065 566 1259 614 homines,
1279 563 1454 604 antistite
1474 563 1650 604 Phoebus

139 607 235 636 ventis
258 606 391 635 secundis
407 615 436 634 et
451 615 535 634 cursu

136 658 191 687 per
224 648 314 677 undas
342 647 420 675 felici
457 646 536 676 subit

555 622 647 662 Rite
668 623 883 672 colebatur,
905 623 1135 675 temploque
1156 621 1354 673 domoque
1375 619 1549 673 recepit:

139 689 241 719 urbem
290 688 435 728 Apollinis
480 688 537 717 una
555 678 789 732 Urbemque
805 678 989 726 ostendit,
1011 677 1252 730 delubraque
1271 684 1375 725 vota,
1389 675 1564 730 duasque

138 740 206 760 cum
222 730 387 760 comitibus.
430 729 536 765 Anius,

137 781 198 811 quo
217 781 286 811 rege
308 770 454 806 homines,
482 780 538 808 quo

138 813 284 845 sacerdote
319 812 426 852 Apollo
462 811 536 840 bene

554 734 710 773 Latona
728 734 929 787 quondam
949 733 1087 787 stirpes
1106 732 1283 786 pariente
1303 739 1486 772 retentas.

552 789 589 829 T
592 789 689 829 hure
710 789 803 829 dato
823 789 1010 838 flammis,
1030 788 1200 841 vinoque
1222 788 1263 826 in
1276 787 1391 826 thura
1410 788 1583 840 profuso,

1566 735 1646 772 635

138 854 297 888 colebatur,
331 863 399 882 eum
424 852 538 891 excepit
555 844 840 898 Caesorumque
860 845 982 884 boum
1002 843 1108 883 fibris
1127 844 1175 882 de
1198 856 1307 887 more
1323 843 1519 892 crematis,

138 895 260 925 delubro
274 904 305 924 et
319 894 422 923 domo:
451 901 536 933 atque

141 936 309 965 monstravit
357 934 471 970 urbem,
507 943 536 964 et

142 977 252 1017 templa
268 976 411 1012 dedicata,
425 983 455 1006 et
466 976 535 1005 duas

555 899 684 952 Regia
704 909 807 939 tecta
827 906 968 954 petunt
985 913 993 938 :
1025 896 1228 952 positique
1243 897 1439 951 tapetibus
1459 897 1551 938 altis

554 955 728 995 Munera
749 969 841 996 cum
865 955 1019 1008 liquido
1037 954 1201 1008 capiunt
1217 953 1397 993 Cerealia
1416 953 1595 994 Baccho.

139 1018 255 1049 arbores
281 1029 353 1058 quas
381 1018 451 1047 olim
478 1016 536 1047 La-
552 1011 661 1051 Tum
677 1011 764 1065 pius
775 1011 971 1052 Anchises
987 1026 996 1052 :
1018 1010 1056 1050 O
1073 1009 1216 1051 Phoebi
1233 1010 1336 1049 lecte
1350 1009 1544 1059 sacerdos,
1563 1012 1648 1051 640

139 1068 210 1089 tona
245 1060 373 1098 paritura
405 1059 536 1099 amplexa

140 1108 193 1131 est.
235 1100 337 1131 Thure
358 1100 475 1131 adn-roto
491 1102 535 1140 ig-

139 1143 238 1179 nibus,
253 1149 283 1171 et
298 1152 379 1172 mero
393 1152 490 1181 sparso
504 1143 534 1171 in

554 1066 708 1107 Fallor?
727 1060 825 1107 anet
835 1076 988 1117 natum,
998 1067 1091 1106 clim
1106 1065 1280 1119 primum
1291 1065 1380 1105 haec
1390 1065 1543 1106 moenia
1555 1065 1650 1115 vidi,

553 1122 706 1178 Bisque
726 1123 821 1163 duas
841 1132 964 1172 natas,
979 1123 1173 1176 quantum
1194 1120 1440 1173 reminiscor,
1454 1121 1648 1161 habebas?

139 1183 237 1220 thura,
251 1191 339 1223 atque
352 1184 424 1213 emis
440 1192 534 1213 tauro-
553 1178 665 1218 Huic
686 1179 814 1218 Anius
831 1178 956 1218 niveis
969 1178 1214 1218 circumdata
1226 1186 1411 1230 tempora
1429 1177 1538 1217 vittis

139 1235 203 1255 rum
236 1232 427 1255 mactatorum
467 1226 534 1264 igne

138 1268 300 1300 consumtis
315 1266 351 1295 de
377 1264 469 1301 mni-e,
491 1276 534 1295 re-

553 1233 810 1284 Concutiens,
829 1243 869 1273 et
885 1234 1016 1283 tristis,
1035 1233 1110 1273 ait:
1131 1233 1227 1273 Non
1249 1231 1407 1283 falleris,
1430 1231 1545 1272 heros

139 1307 247 1337 cedunt
262 1309 291 1337 5„
306 1307 388 1337 sedes
398 1308 490 1346 regias
505 1315 534 1336 et
552 1289 755 1330 Maxime:
774 1296 958 1329 natorum
979 1288 1110 1328 vidisti
1127 1287 1303 1342 quinque
1318 1295 1539 1341 parentem,
1566 1291 1648 1328 645

138 1356 294 1398 postquaip
339 1349 535 1395 consedissent
551 1345 686 1388 Quem
717 1359 826 1386 nunc
853 1347 978 1397 (tanta
1010 1343 1195 1384 homines
1221 1357 1352 1384 rerum
1384 1342 1650 1384 inconstantia

139 1401 170 1420 tn
185 1390 305 1420 excelsis
327 1395 395 1420 wrzs
417 1400 467 1429 qut
488 1400 533 1419 ιη·
692 1439 699 1442 ⁷
719 1402 861 1452 versat)
1366 1396 1368 1398 ·

137 1432 223 1462 strati
262 1436 344 1461 erant
375 1431 534 1471 tapetibus,
654 1457 667 1468 ς
712 1456 721 1465 ,
1085 1454 1094 1463 .
1193 1455 1202 1463 .
1313 1453 1323 1464 .
1359 1455 1367 1463 .
1436 1455 1445 1464 .

135 1480 256 1503 sumunt
295 1473 371 1502 dona
405 1471 536 1503 Cerealia
553 1457 673 1497 Paene
686 1456 793 1496 vides
809 1456 967 1496 orbum.
1011 1454 1123 1498 Quid
1139 1467 1247 1496 enlm
1269 1454 1370 1495 mihi
1389 1454 1494 1494 filius
1511 1455 1651 1496 absens

139 1513 272 1554 (panem)
285 1524 352 1544 cum
368 1515 437 1543 vino
451 1514 536 1553 liqui·
552 1512 728 1553 Auxilii?
760 1525 882 1567 quem
901 1511 1008 1551 dicta
1025 1525 1097 1551 suo
1116 1510 1164 1550 de
1181 1510 1346 1551 nomine
1360 1512 1478 1550 tellus

135 1555 292 1627 ἓοὲειῖἒῑΐ
301 1554 539 1637 ξξῖξςὲξςῖξξῖζ
554 1568 709 1609 Andros
717 1569 848 1618 habet,
858 1581 929 1622 pro
938 1573 1049 1621 patre
1059 1567 1235 1620 locumq3
1253 1575 1293 1607 et
1301 1580 1421 1619 regna
1428 1572 1632 1613 ‘tenentem
1639 1595 1652 1608 .

140 1638 219 1675 linis,
233 1639 384 1679 decipior?
408 1649 457 1674 an,
469 1649 536 1668 cum
554 1624 698 1665 Delius
706 1624 919 1679 augurium
934 1622 1043 1664 dedit
1056 1622 1152 1663 huie
1165 1637 1173 1662 ε
1185 1622 1422 1663 deditaltera
1434 1621 1556 1662 Liber
1566 1626 1652 1664 650
1666 1662 1669 1664 .

139 1681 267 1720 primum
291 1680 375 1710 invisi
390 1678 465 1709 hanc
489 1691 536 1710 ur-
1344 1697 1359 1702 υ
1560 1706 1566 1710 .
1630 1676 1634 1677 ⁷

139 1721 207 1751 bem
219 1720 360 1757 habebas,
370 1723 511 1761 quantum
524 1722 667 1758 recordor,
681 1730 710 1752 et
726 1722 819 1752 filium
836 1727 865 1751 et
877 1727 1001 1760 quatuor
1017 1720 1110 1750 filias?
1141 1719 1238 1750 Anius
1247 1719 1417 1749 concutiens
1429 1726 1559 1758 tempora
1569 1718 1650 1748 einc-

141 1769 169 1792 ta
177 1764 254 1792 vittis
268 1763 407 1799 candidis,
420 1771 507 1803 atque
522 1772 644 1793 moestus
656 1765 717 1794 hoec
729 1763 838 1793 reddit:
862 1761 934 1792 Non
946 1762 1085 1802 deceptus
1100 1769 1155 1798 eet,
1170 1760 1255 1791 heros
1268 1762 1392 1791 maxime
1404 1772 1410 1789 :
1434 1760 1529 1790 vidisti
1544 1769 1591 1790 me
1600 1770 1651 1800 pa·-

139 1813 215 1835 trem
230 1805 359 1844 quinque
375 1804 545 1841 liberorum,
558 1816 647 1844 quem
659 1815 740 1835 nunc
749 1805 841 1834 cernis
854 1804 919 1834 liliis
929 1805 1019 1844 prope
1032 1812 1194 1833 carentem:
1207 1810 1287 1832 tanta
1298 1802 1475 1832 mutabilitas
1484 1811 1579 1831 rerum
1591 1801 1654 1841 agi-

138 1852 182 1875 tat
195 1844 343 1875 homines.
384 1845 464 1879 Quid
481 1848 559 1876 enim
575 1847 651 1876 filius
666 1847 770 1877 absens
786 1844 859 1876 mihi
877 1845 972 1884 adfert
987 1845 1072 1885 opis?
1096 1846 1148 1884 qui
1162 1854 1254 1881 nunc,
1269 1854 1321 1885 pro
1335 1851 1415 1884 patre
1430 1843 1527 1872 locum
1550 1850 1580 1872 et
1595 1843 1651 1872 im-

137 1887 252 1960 ggrium
267 1888 430 1958 nactusqin
447 1889 521 1918 terra
533 1889 709 1930 cognomine
722 1895 860 1919 moratur.
888 1885 996 1918 Delius
1011 1886 1080 1917 huic
1090 1886 1215 1928 praebuit
1224 1884 1398 1916 vaticinandi
1410 1885 1560 1926 peritiam3
1576 1881 1651 1914 Bne·

179 1938 213 1959 ω
227 1937 286 1969 prae
309 1936 352 1959 uit
366 1938 383 1957 a
396 1939 422 1958 ta

819 2056 962 2089 NOTAE.

957 2133 1029 2159 6:35.
1044 2128 1130 2158 Duas
1141 2127 1254 2169 stirpes]
1287 2126 1372 2158 Duas
1386 2127 1512 2165 arbores,
1522 2127 1650 2168 palmam

915 2180 945 2200 et
966 2170 1086 2205 olivam;
1118 2180 1190 2209 quas
1210 2177 1314 2199 tenens
1335 2170 1571 2210 amplectensque
1592 2167 1650 2199 La-

917 2221 996 2247 tona,
1011 2211 1182 2252 Apollinem
1198 2218 1227 2240 et
1239 2210 1368 2241 Dianam
1380 2211 1465 2242 enixa
1475 2219 1531 2242 est.
1575 2208 1650 2241 Vide

916 2254 966 2283 lib.
984 2257 1013 2283 6.
1028 2264 1054 2282 ν.
1070 2258 1141 2282 3:34.
1502 2288 1507 2290 ‚

959 2300 1030 2328 6³37.
1047 2294 1253 2333 Coesorumque
1261 2292 1358 2331 houm]
1384 2291 1455 2322 Non
1469 2292 1569 2323 hocex
1580 2293 1648 2323 ritu.

915 2335 1052 2375 Namque
1085 2337 1115 2364 in
1141 2336 1190 2365 ara
1217 2334 1366 2374 Apollinis
1397 2333 1557 2373 Γενῆτορος,
1581 2344 1648 2374 qua

913 2377 985 2408 Deli
1000 2386 1055 2413 est,
1068 2375 1148 2406 nulla
1157 2375 1253 2406 hostia
1274 2382 1425 2405 mactatur.
1467 2374 1603 2406 Macrob.
1617 2381 1647 2406 3.

914 2419 966 2449 lib.
984 2417 1132 2448 Saturnal.

956 2464 1027 2489 6-1‘2.
1039 2459 1146 2498 Bisque
1159 2458 1246 2496 [luas]
1277 2455 1334 2486 His
1341 2452 1482 2486 Bacchus
1491 2457 1646 2494 concessit,

178 2135 254 2162 ⁶26.
279 2130 327 2162 De
340 2130 442 2171 tantis]
487 2130 582 2172 Capto
611 2130 680 2168 Ilio,
702 2130 798 2161 Graeci
822 2142 873 2171 pv·-

163 2183 307 2203 raeconem
324 2173 550 2208 denunciabant,
571 2183 605 2202 ut
627 2174 732 2207 sing-uli
755 2184 790 2202 ex
805 2174 874 2202 civi-

138 2183 207 2251 bus,
216 2215 293 2255 quod
308 2215 413 2244 vellent
425 2225 515 2244 unum
527 2215 643 2254 aliquod
652 2210 761 2244 sacrum
778 2214 874 2243 auser-

139 2263 214 2285 rent.
259 2255 367 2285 [Encas
382 2256 459 2285 Deos
477 2261 591 2294 penates
608 2256 732 2286 sustulit.
775 2255 870 2284 Graeci

137 2297 247 2335 pietate
263 2298 312 2325 »iri
329 2298 398 2326 moti
408 2299 601 2336 permiserant
611 2306 643 2327 ut
652 2307 743 2327 unum
756 2296 872 2335 aliquod

138 2339 255 2375 insuper
269 2348 304 2367 ex
326 2339 385 2366 suis
408 2338 532 2367 tolleret.
575 2338 628 2368 Ille
656 2347 768 2379 patrem
789 2338 871 2367 senio

138 2379 307 2408 confectum
330 2378 458 2408 humeris
473 2379 620 2412 sublatum
636 2379 777 2420 portabat.
819 2377 870 2408 „E-

138 2420 206 2449 iian.
226 2419 291 2449 Var.
308 2418 386 2449 Hist.
400 2420 451 2449 lib.
464 2426 494 2449 8.
508 2426 558 2449 22.

180 2465 254 2490 628.
274 2460 439 2499 Antandro]
486 2459 563 2493 Quae
586 2460 652 2490 urbs
674 2468 717 2491 est
736 2459 871 2501 Phrygiae

136 2503 270 2537 minoris,
283 2502 318 2531 ad
340 2501 447 2531 radices
470 2500 531 2531 ldae
553 2503 674 2539 montis,
693 2502 742 2531 ubi
766 2502 871 2532 ,Ludens

139 2544 234 2573 classis
247 2542 385 2573 fabricata
399 2550 453 2572 est.

181 2584 225 2614 lb.
241 2583 398 2623 Scelerata]
416 2583 495 2617 Quia
505 2583 545 2613 ibi
558 2594 608 2624 per
623 2583 714 2614 scelus
730 2592 869 2613 mactatus

137 2625 293 2666 Polydorus
304 2623 412 2655 Priami
429 2625 513 2654 filius.

178 2666 455 2707 631.Apollineam]
469 2666 588 2702 Delum,
601 2665 745 2705 Apollinis
754 2665 870 2695 oraculo

134 2708 291 2748 insignem.
335 2708 450 2747 Egressi
467 2717 635 2738 veneramur
655 2707 799 2747 Apollinis
821 2717 870 2736 ur-

136 2750 208 2779 bem.
250 2750 313 2779 Rex
328 2750 431 2785 Anius,
442 2759 494 2780 rex
506 2750 582 2779 idem
593 2749 739 2779 hominum
756 2748 869 2779 Phoebi-

137 2800 192 2828 (sue
203 2791 339 2821 sacerdos.
381 2790 483 2832 Virgil.
498 2789 614 2823 AEneid.
629 2795 661 2820 3.

913 2510 946 2530 ut
961 2500 1098 2540 quicquid
1121 2505 1283 2538 tangerent,
1298 2499 1327 2527 in
1342 2497 1536 2536 frumentum,
1549 2499 1594 2528 vel
1607 2499 1649 2530 vi-

914 2553 996 2577 nnm,
1009 2542 1052 2570 vel
1065 2541 1159 2570 oleum
1169 2546 1396 2576 commutarent;
1406 2550 1477 2580 quas
1487 2541 1556 2572 eum
1567 2539 1649 2580 Aga·

914 2592 1051 2613 memnon
1064 2582 1098 2611 ad
1107 2579 1224 2619 Trojam
1237 2581 1355 2610 duceret
1368 2581 1404 2611 ad
1415 2581 1552 2612 alendum
1565 2590 1648 2612 exer-

912 2625 1017 2659 citum,
1032 2623 1050 2652 a
1060 2621 1179 2652 Baccho
1193 2623 1222 2651 in
1235 2621 1382 2652 columbas
1394 2632 1539 2652 conversae
1552 2629 1633 2652 sunt.

955 2669 1025 2694 648.
1038 2664 1127 2693 Dicta
1141 2663 1206 2702 suo]
1224 2662 1323 2697 Quam
1332 2671 1430 2694 tamen
1440 2664 1491 2694 alii
1501 2664 1537 2695 ab
1550 2662 1646 2703 Eury-

910 2704 1015 2736 macho
1025 2705 1130 2734 dictam
1144 2705 1256 2735 volunt.

954 2751 1025 2779 649.
1039 2745 1167 2786 Andros]
1202 2745 1295 2779 Maris
1315 2745 1410 2788 AEgaei
1425 2746 1531 2783 insula,
1553 2744 1644 2786 prima

910 2789 986 2820 inter
1000 2787 1146 2828 Cyclada&
