1824 2991
588 126 981 171 METAMORPH.
999 127 1098 168 Lm.
1118 126 1189 167 lv.

136 217 317 262 Contulit
331 217 370 257 in
392 228 544 258 saxum.
602 215 756 256 Tantus
775 216 887 257 dolor
901 215 980 255 urit
994 222 1187 254 amantes.

182 273 255 315 vl.
274 273 362 313 Nec
376 273 527 326 loquor,
539 279 585 311 ut
599 273 801 325 quondam
820 280 972 310 naturae
982 269 1070 324 jure
1089 275 1233 309 novato

134 329 362 381 Ambiguus
376 327 494 368 suerit
508 328 628 368 modo
638 327 707 376 vir,
716 327 835 366 modo
848 326 1030 374 foemina,
1040 325 1233 379 Scython.

185 384 274 425 VII.
293 384 354 425 Te
373 396 547 437 quoque,
568 395 677 423 nunc
696 382 869 432 adamas,
899 381 1102 435 quondam
1123 379 1231 420 fidis-

360 439 460 478 sime
476 452 611 491 parvo,

75 512 78 518 ¹
136 493 281 543 Celmi,
295 493 388 534 Jovi
405 510 415 535 ι
446 495 636 547 largoque
656 500 758 533 satos
774 492 938 533 Curetas
958 491 1009 531 ab
1032 490 1164 531 imbri.

189 547 302 590 VIII.
325 549 381 590 Et
400 549 559 589 Crocon
587 549 629 588 in
656 562 794 604 parvos
814 561 969 588 versum
997 561 1092 587 cum
1114 545 1233 586 Smi-

359 606 446 645 lace
459 605 576 645 flores

137 660 346 701 Praetereo.

106 866 108 869 .
135 826 307 868 Discite.

88 1253 98 1256 i
134 1212 288 1265 Ignotis
307 1227 435 1253 errare
456 1213 568 1262 locis,
589 1213 727 1265 ignota
747 1213 881 1253 videre

403 660 609 714 Dulcique
628 659 783 700 animos
800 658 972 706 novitate
988 659 1146 698 tenebo.

192 715 267 756 IX.
286 715 406 756 Unde
419 716 469 756 sit
485 715 658 765 infamis,
674 728 794 769 quare
812 716 916 755 male
932 714 1097 754 fortibus
1117 713 1234 754 undis

134 771 329 812 Salmacis
348 780 521 820 enervet,
540 779 744 825 tactosque
757 771 956 812 remolliat
975 778 1093 819 artus,

364 827 494 867 Causa
513 828 633 866 latet:
673 827 729 865 vis
749 835 808 866 est
824 827 1029 866 notissima
1045 824 1179 865 fontis.

136 881 343 922 Mercurio
361 896 531 936 puerum
558 882 647 921 diva
668 881 908 934 Cythereide
926 889 1066 920 natum

135 937 285 980 Naides
304 937 420 977 ldaeis
435 937 657 978 enutrivere
670 938 743 976 sub
759 937 894 977 antris.

137 990 261 1046 Cujus
279 1001 361 1032 erat
373 993 506 1041 facies,
529 993 569 1031 in
587 995 665 1045 qua
683 1001 887 1045 materque
904 1001 1094 1047 paterque
1152 995 1236 1030 290

136 1047 336 1101 Cognosci
355 1056 533 1101 possent:
556 1060 704 1086 nomen
721 1060 881 1100 quoque
897 1047 1016 1086 traxit
1036 1049 1085 1087 ab
1108 1046 1200 1086 illis.

135 1102 188 1152 Is,
201 1104 275 1143 tria
296 1105 388 1142 cnm
409 1102 584 1156 primitm
603 1102 698 1141 fecit
713 1102 1003 1156 quinquennia,
1024 1108 1180 1142 montes

135 1157 324 1198 Deseruit
343 1158 502 1212 patrios,
522 1157 673 1210 Iquue
693 1157 831 1196 altrice
850 1157 992 1197 relicta

1564 131 1641 170 115

1253 214 1375 242 mutavit
1432 214 1462 243 in
1505 213 1646 255 lapidem.

1251 251 1346 283 Tanta
1358 255 1399 283 ira
1411 255 1531 295 instigat
1543 265 1643 286 aman·

1252 302 1305 323 Ies-

1295 334 1348 365 VI.
1377 334 1483 374 Neque
1508 337 1585 373 dico,
1607 346 1643 369 ut

1253 376 1324 405 olim
1333 375 1465 417 Scythen
1479 377 1567 408 suerit
1581 389 1642 408 am·

1252 417 1369 457 biguns,
1387 428 1464 447 nunc
1476 429 1547 451 mas,
1562 430 1640 449 nunc

1252 457 1384 494 foemina,
1407 468 1517 488 naturae
1542 461 1643 490 condi-

1253 500 1333 528 tione
1357 501 1477 529 mutata.
1499 498 1502 501 ”

1297 540 1365 570 VII.
1380 540 1497 570 Omitto
1511 547 1542 570 te
1553 542 1641 572 etiam

1252 581 1361 618 Celmi,
1379 583 1442 621 jam
1464 582 1588 618 adamas,
1607 593 1643 612 o-

1252 622 1303 652 lim
1348 624 1513 654 fidelissime
1558 633 1644 663 parvo

1251 662 1339 693 Jovi:
1363 666 1462 694 omitto
1483 665 1569 694 ctiam
1582 664 1644 694 Cu-

1253 715 1326 734 retas
1337 713 1412 735 ortos
1425 716 1461 735 ex
1471 706 1562 735 ubere
1576 706 1644 746 plu·

1253 747 1305 775 via.

1150 773 1233 809 236
1296 786 1382 817 V111.
1394 786 1437 818 Et
1450 787 1563 818 Crocon
1577 798 1644 818 mu-

1252 836 1345 859 tatum
1370 830 1401 858 in
1432 837 1535 860 tenues
1551 829 1645 860 *flore-

1253 880 1321 900 cum
1338 869 1464 900 Smilace
1478 883 1484 900 ε
1509 879 1539 900 et
1549 881 1645 900 mora-

1209 921 1214 925 ·
1253 910 1308 940 bor
1330 913 1539 952 mentes1g=·atl'³⁴
1562 913 1644 943 novi·

1254 959 1324 981 tate.

1299 992 1354 1022 lx.
1378 994 1487 1023 Audite
1502 993 1644 1032 quamob-

1254 1044 1316 1063 rem
1340 1033 1480 1074 Salmacis
1500 1036 1536 1063 sit
1557 1035 1646 1065 dede-

1255 1081 1364 1111 corata,
1385 1085 1475 1114 quare
1497 1076 1570 1104 vires
1593 1085 1646 1106 au-

1255 1114 1329 1144 ferat
1346 1114 1534 1145 effoeminatis
1549 1118 1646 1156 aquis,

1255 1164 1286 1184 et
1301 1164 1417 1186 enervet
1430 1156 1560 1186 membra
1575 1167 1647 1187 con—

1255 1204 1342 1227 tacta.
1365 1197 1460 1228 Causa
1474 1199 1644 1238 ignoratur:

1256 1239 1388 1279 potentia
1412 1239 1503 1269 fontis
1525 1246 1569 1268 est
1584 1239 1649 1269 vul-

1148 439 1227 475 281

135 1267 325 1310 Flumina
344 1269 556 1322 gaudebat,
568 1268 700 1308 s'tudio
714 1268 923 1319 minuente
940 1268 1134 1308 laborem.
1154 1270 1236 1314 295
1256 1287 1334 1320 gata.
1377 1279 1489 1310 Naides
1512 1280 1649 1310 aluerunt

136 1323 211 1365 Ille
230 1325 352 1377 etiam
372 1325 515 1379 Lycias
535 1325 665 1373 urbes,
686 1324 901 1378 Lyciaeque
921 1323 1164 1378 propinquos

138 1379 258 1420 Caras
272 1381 369 1421 adit.
411 1381 530 1421 Videt
550 1380 616 1420 hic
630 1388 817 1432 stagnum
837 1379 1008 1420 lucentis
1027 1379 1076 1419 ad
1092 1379 1219 1419 imum

1257 1321 1312 1350 sub
1334 1321 1480 1362 speluncis
1495 1320 1580 1351 Idaeis
1594 1332 1650 1361 pu-

1258 1372 1340 1392 erum
1371 1371 1472 1393 natum
1498 1362 1651 1392 Mercurio

1259 1413 1293 1432 ex
1306 1404 1371 1433 diva
1385 1403 1577 1446 Cythereide,
1597 1414 1651 1434 cu-

136 1435 275 1489 Usque
289 1437 420 1476 solum
440 1436 632 1489 lymphae.
679 1435 878 1475 Nonillic
895 1448 1025 1475 canna
1043 1434 1240 1489 palustris,
1256 1444 1304 1483 jus
1324 1445 1517 1482 vultus·erat,
1539 1447 1569 1477 in
1591 1455 1652 1486 quo

135 1490 227 1530 Nec
245 1491 397 1532 steriles
416 1493 535 1542 ulvae,
555 1505 631 1531 nec
645 1494 764 1531 acuta
781 1491 945 1545 cuspide
959 1489 1091 1545 junci.

138 1544 376 1600 perspicuus
387 1546 517 1601 liquor
526 1555 598 1587 est.
619 1546 904 1600 Stagnitamen
914 1547 1057 1587 ultima
1067 1546 1242 1586 vivo300

1258 1494 1340 1525 pater
1365 1494 1395 1516 et
1418 1494 1510 1517 mater
1532 1490 1653 1527 possent

1259 1527 1407 1567 dignosci:
1430 1527 1535 1556 habuit
1557 1528 1649 1558 etiam

1259 1578 1366 1598 nomen
1380 1568 1416 1597 ab
1432 1568 1500 1598 illie.
1536 1567 1578 1605 Is,
1593 1577 1651 1598 sta-

1259 1609 1313 1638 tim
1335 1617 1424 1648 atque
1447 1609 1578 1650 implevit
1599 1620 1652 1639 an-

136 1655 207 1677 num
222 1646 367 1680 decimum
377 1649 529 1688 quintum,
545 1644 678 1678 destituit
694 1656 809 1678 montes
823 1656 973 1689 paternos,
984 1657 1015 1678 et
1027 1648 1080 1679 Ida
1091 1649 1204 1678 nutrice
1215 1648 1328 1679 deserta
1339 1649 1483 1690 gestiebat
1494 1651 1588 1689 vagari
1599 1659 1652 1690 per

138 1689 238 1736 ignota
253 1688 328 1725 loca,
344 1697 374 1718 et
385 1700 503 1719 cernere
517 1690 618 1719 fluvios
634 1691 761 1730 ignotos,
773 1690 843 1719 dum
859 1692 974 1719 interim
989 1690 1119 1728 alacritas
1134 1690 1238 1718 levaret
1253 1690 1391 1719 laborem.
1436 1689 1490 1719 Ille
1505 1691 1593 1720 etiam
1605 1692 1653 1720 in-

137 1729 205 1758 visit
216 1729 302 1759 urbes
316 1729 433 1799 Ιιέιεὶεε,
448 1738 478 1759 et
492 1730 580 1760 Caras
596 1731 794 1760 conterminos
816 1728 922 1769 Lyciis.
967 1729 1027 1759 Hic
1042 1730 1144 1770 aspicit
1167 1730 1261 1777 lacum
1276 1741 1359 1770 aquae
1380 1732 1544 1779 perspicuae
1557 1741 1654 1771 usque

138 1769 175 1798 nd
186 1770 322 1800 ultimum

371 1771 474 1800 ndum.
518 1770 583 1800 Illic
599 1781 694 1810 neque
709 1771 820 1800 arundo
834 1771 984 1811 palustris,
1005 1781 1100 1809 neque
1118 1771 1191 1800 ulvae
1214 1772 1343 1808 inutiles,
1366 1782 1462 1812 neque
1472 1773 1557 1812 Junci
1568 1773 1653 1802 acutfi

132 1811 259 1860 ¹cuspide
270 1816 480 1842 succreverunt.
521 1811 608 1852 Aqua
619 1820 662 1841 est
677 1811 830 1853 pellucida.
872 1811 981 1852 Margo
992 1820 1090 1842 tamen
1103 1813 1197 1852 stagni
1210 1813 1321 1844 virente

823 1931 963 1963 NOTAE.

181 1997 253 2022 282.
266 1991 374 2032 Celrm]
387 1991 474 2022 Unus
491 2001 526 2022 ex
542 1991 630 2022 Idaeis
638 1990 782 2032 Dactylis,
792 1990 876 2021 Jovis

141 2033 291 2070 nutritius,
303 2035 351 2064 cui
363 2033 482 2075 parvulo
496 2033 623 2064 multum
632 2033 769 2069 dilectus,
784 2033 802 2063 ὲ
817 2043 876 2073 quo

138 2082 253 2144 pantes,
267 2076 346 2114 qued
369 2075 518 2104 mortalem
546 2085 615 2105 eum
637 2075 823 2114 vulgavisset,
845 2075 876 2104 in

140 2124 157 2143 fl
177 2124 322 2146 amanlem
339 2123 470 2146 mntfltus
484 2123 539 2145 est·

185 2154 232 2187 lb.
249 2156 386 2196 Curetas]
399 2155 561 2186 Diomedes
572 2157 625 2193 ait,
637 2155 734 2197 Opem
748 2157 778 2186 in
794 2155 875 2186 Idam

141 2194 312 2228 Cretensem
336 2198 459 2228 delatam
480 2208 516 2227 ex
537 2197 619 2237 fuga,
641 2201 709 2227 cum
729 2199 876 2238 puerperii

143 2245 260 2279 tempus
274 2240 406 2276 instaret,
429 2239 549 2279 primam
566 2239 674 2268 montis
689 2247 800 2280 partem
816 2249 878 2269 mn-

142 2278 230 2309 nibus
254 2279 454 2320 prehendisse,
477 2287 563 2319 atque
585 2281 625 2310 ita
644 2288 727 2320 partu
742 2280 879 2310 solutam.

143 2317 190 2350 Ex
204 2321 395 2362 impressione
414 2322 481 2351 verb
495 2321 655 2361 palmarum
670 2319 792 2351 Curetas
812 2331 878 2361 pro-

143 2359 242 2399 diisse,
253 2372 325 2402 quos
340 2362 376 2392 ab
391 2362 499 2392 effectu
513 2361 610 2391 Graeci
623 2362 750 2392 nominis
763 2362 878 2404 Dacty—

145 2402 200 2438 los,
211 2403 232 2432 i.
247 2414 273 2432 e.
285 2405 402 2445 digitos,
417 2412 447 2433 et
459 2404 550 2433 Idaeos
563 2403 581 2432 a
596 2412 695 2433 monte
711 2405 877 2433 nominave-

145 2449 223 2472 runt.
246 2441 351 2475 Strabo
361 2446 402 2475 ait
414 2445 469 2474 ἀπὸ
481 2445 535 2478 τῆς
548 2445 648 2483 ›tt-spic,
665 2444 693 2474 id
706 2451 761 2480 est,
781 2444 798 2474 ὲ
813 2451 879 2474 ton-

144 2483 210 2512 ·urfi
227 2483 349 2516 Curetas
362 2486 532 2526 appellatos,
548 2486 625 2524 quod
641 2485 754 2515 detonsi
770 2493 877 2515 essent.

144 2521 227 2552 Jovis
242 2523 360 2556 fuerunt
372 2527 499 2563 nutritii,
522 2536 551 2556 et
566 2525 691 2567 Cybeles
705 2526 878 2557 sacerdotes.

145 2561 230 2593 Dieti
244 2573 312 2597 sunt
325 2567 395 2598 item
407 2567 595 2608 Corybantes.

189 2609 260 2635 πθ.
269 2607 409 2649 Smihoe]
423 2607 523 2642 Puella
535 2617 664 2651 emquoe
674 2607 788 2641 cronon
796 2618 878 2640 nma-

918 1992 972 2027 vit,
988 2000 1048 2031 quo
1065 1992 1132 2021 cnm
1149 1991 1236 2031 potiri
1251 2000 1309 2020 non
1324 1997 1437 2030 posset,
1457 1992 1487 2021 in
1507 1988 1655 2028 Smilacis,

918 2043 986 2072 quae
1012 2032 1126 2062 hederae
1147 2033 1251 2062 similis
1273 2040 1329 2067 est,
1344 2031 1445 2062 florem
1467 2040 1580 2062 mutata.
1597 2041 1654 2069 est,

919 2075 1005 2104 sicuti
1020 2082 1050 2103 et
1065 2073 1174 2103 Crocus
1188 2075 1218 2102 in
1233 2072 1371 2104 Crocum.
1560 2072 1562 2075 ’
1663 2074 1670 2080 ’

961 2114 1188 2154 285fltgfamis]
1208 2113 1277 2144 Fuit
1299 2114 1440 2145 Salmacis
1455 2115 1521 2144 fons
1543 2113 1652 2151 Cariae,

918 2158 949 2188 in
961 2167 1049 2196 quem
1064 2157 1231 2196 quicunque
1242 2156 1285 2185 vir
1296 2156 1494 2192 descenderet,
1507 2157 1546 2184 ita
1557 2155 1653 2185 mollis

918 2197 1019 2234 fiebat,
1035 2205 1064 2227 et
1075 2197 1204 2227 foemlnae
1219 2204 1351 2226 naturam
1367 2197 1521 2231 induebat,
1534 2203 1568 2226 ut
1584 2197 1652 2227 inde

920 2239 1194 2280 Hermaphroditus,
1219 2237 1276 2267 hoc
1299 2245 1356 2275 est,
1378 2246 1535 2278 utrumque
1549 2247 1651 2268 sexum

920 2279 1045 2317 habens,
1058 2281 1164 2309 exiret:
1201 2280 1259 2319 qua
1272 2289 1303 2308 re
1317 2279 1383 2309 fons
1407 2279 1523 2309 infamis
1544 2278 1650 2310 factus.

919 2320 1008 2351 Unde
1023 2322 1089 2350 verb
1108 2321 1149 2350 illi
1171 2327 1252 2350 tanta
1273 2321 1328 2358 vis,
1349 2320 1455 2350 melius
1469 2321 1524 2350 erit
1539 2330 1573 2349 ex
1588 2321 1651 2362 ipso

919 2362 1004 2403 poeta
1016 2363 1178 2401 cognitum.

961 2409 1032 2434 291.
1048 2403 1174 2441 Nomen]
1192 2402 1287 2442 (Ερμέ
1303 2403 1348 2432 καὶ
1364 2403 1544 2442 Ἀφροδίτης.

963 2447 1035 2476 296.
1046 2443 1169 2485 Lycias]
1184 2443 1239 2474 Est
1252 2443 1342 2485 Lycia
1353 2444 1434 2473 Asiae
1445 2443 1572 2473 Minoris
1583 2451 1651 2482 pro-

920 2486 1024 2522 vincia,
1053 2486 1088 2514 ad
1114 2495 1191 2514 mare
1220 2483 1484 2520 Mediterraneum,
1513 2491 1563 2511 aut
1589 2483 1651 2522 ejus

919 2534 1043 2568 partem,
1055 2526 1132 2565 quod
1144 2526 1163 2555 ὶ
1174 2524 1266 2596 leia
1280 2526 1405 2566 Lycium
1420 2526 1534 2554 dicitnr.

961 2574 1040 2602 297„
1058 2566 1165 2605 Caras]
1218 2569 1379 2596 ccusativus
1398 2566 1530 2595 Graecus.
1572 2561 1651 2594 Sunt

919 2615 1017 2640 nutem
1031 2607 1119 2640 Cares
1133 2606 1228 2640 Cariae
1239 2607 1355 2645 ineolae,
1365 2608 1449 2646 juxta
1464 2603 1591 2646 Lyciam.

1250 2652 1311 2690 12
