1824 2991
749 317 1019 373 LIBER
1072 320 1150 374 II.

665 559 1234 605 ARGUMENTUM.

252 709 342 756 QU
343 710 373 753 I
389 712 477 754 cum
497 711 719 769 aliquando
743 713 968 756 Plia‘e‘tonti
987 715 1236 771 Apollinem,
1255 724 1302 758 ut
1306 716 1470 774 falsum
1491 732 1538 759 ac
1557 731 1700 773 suppo-

190 782 362 826 sititium
382 792 559 840 patrem,
588 785 790 842 objecisset
798 803 812 836 ,·
842 785 912 828 ille
937 786 1078 829 currz‘is
1110 788 1265 830 Solaris
1292 789 1504 845 imperium
1524 786 1581 833 ad
1597 790 1702 833 diem

189 870 314 897 ‘unum
334 854 359 898 ὰ
372 865 495 912 patre
514 859 558 898 in
568 858 723 913 pignus
741 872 848 901 veroe
874 859 1010 914 stirpis
1029 861 1152 915 petit.
1219 859 1311 905 Quo
1331 862 1562 916 impetrato,
1593 845 1719 905 terra⁴

187 927 241 969 ab
262 942 305 969 eo
327 935 413 969 tota
434 929 682 981 accenditur,
699 938 736 972 et
753 931 860 985 inter
879 939 1025 974 caetera
1043 933 1274 990 nigrescunt
1291 934 1513 990 AEtlziopes.
1544 934 1717 984 ,Plena

189 1006 340 1041 tontem
359 1000 502 1043 deinde
515 1001 702 1056 fulmine
720 1018 951 1058 percussum
981 1004 1076 1045 dum
1097 1004 1236 1062 lugent
1254 1020 1418 1056 sorores,
1449 1013 1489 1047 et
1506 1005 1591 1050 una
1609 1012 1703 1064 ‘cog-

188 1078 310 1113 natus
344 1072 511 1129 Cygnus
523 1090 536 1123 ‚·
568 1072 648 1114 illae
665 1074 725 1125 ‚in
759 1075 935 1127 arbores,
969 1076 1031 1117 liic
1064 1077 1108 1117 in
1137 1077 1309 1134 cygnum
1338 1085 1536 1121 mutatur.
1599 1079 1704 1122 Tum

191 1145 375 1201 Jupiter,
397 1147 565 1189 lustrato
588 1155 788 1189 terrarum
808 1149 904 1191 orbe
922 1165 969 1191 ac
983 1150 1160 1205 pristino
1173 1150 1306 1207 vigori
1322 1151 1521 1203 restituto,
1541 1151 1586 1193 in
1604 1150 1703 1194 Cal-

187 1216 371 1260 listonem
390 1218 549 1271 incidit,
580 1235 757 1276 eamque,
776 1220 934 1277 sumptaei
957 1220 1271 1279 Dianaeformc‘i,
1299 1223 1513 1279 stupravit.
1551 1254 1561 1258 -
1575 1221 1642 1264 Ob
1662 1222 1709 1264 id

190 1289 301 1332 irata
331 1290 459 1343 Juno,
495 1290 757 1334 Callistonem
784 1294 827 1334 in
852 1309 987 1335 ursam
1019 1296 1235 1336 convertit:
1267 1309 1390 1350 quam
1408 1301 1550 1350 postea
1570 1293 1704 1337 Arcas
1772 1334 1785 1341 ,

133 1382 144 1386 -
177 1360 297 1416 filius
318 1362 754 1421 transfi'xurusfuerat,
782 1366 860 1406 nisi
885 1373 1100 1422 utrumque
1128 1366 1297 1421 Jupiter
1322 1367 1429 1408 inter
1444 1366 1577 1409 sidera
1596 1373 1706 1409 retu-

194 1433 314 1476 lisset.
378 1435 474 1480 Qud
499 1436 548 1477 de
581 1451 623 1477 re
653 1436 741 1478 cum
768 1438 878 1492 apud
901 1436 1107 1480 Oceanum
1136 1439 1250 1481 Juno
1278 1447 1491 1496 conquesta
1517 1447 1625 1492 esset,
1658 1441 1704 1482 in

195 1507 336 1550 coelum
357 1507 593 1565 relatafuit
620 1509 790 1551 humeris
803 1525 1025 1565 pavonum,
1055 1511 1126 1566 qui
1146 1526 1274 1566 nuper
1292 1512 1495 1569 variegati
1499 1510 1704 1568 fuerant:

195 1581 298 1622 sicut
318 1587 356 1636 et
375 1595 516 1623 corvus
534 1596 661 1636 nuper
681 1597 727 1622 ex
746 1582 839 1623 albo
858 1582 977 1637 niger
996 1590 1083 1623 erat
1103 1582 1295 1634 redditus,
1312 1581 1402 1624 cum
1417 1582 1602 1625 Cornicis
1618 1598 1704 1626 mo-

194 1654 304 1705 nitis,
335 1668 422 1710 quae
442 1652 507 1694 illi
528 1660 613 1694 tum
632 1668 745 1694 suam
766 1654 811 1694 in
831 1654 1040 1705 cornicem,
1071 1661 1156 1694 tum
1180 1652 1434 1710 Nyctimenes
1451 1655 1496 1696 in
1515 1662 1703 1697 noctuam
1730 1699 1733 1701 ,
1761 1643 1768 1649 ’

196 1726 461 1768 mutationem
481 1725 718 1782 explicarat,
749 1741 830 1768 non
847 1726 1164 1782 obtemperasset,
1193 1726 1261 1768 sed
1278 1727 1472 1769 audacter
1494 1726 1708 1770 Coronidis

197 1799 442 1841 adulterium
463 1798 519 1840 ad
538 1798 773 1854 Apollinem
792 1798 1007 1841 detulisset.
1053 1799 1158 1856 Ejus
1177 1798 1319 1840 deinde
1323 1799 1436 1855 filio,
1458 1800 1706 1856 AEsculapio,

203 1943 357 1987 Chiron
372 1952 505 1999 pater,
538 1943 743 1999 Apollinis
762 1942 1136 2000 auxiliumfrustrd
1154 1944 1378 1985 invocavit.-
1409 1941 1518 1998 quod
1534 1942 1602 1984 ille
1607 1945 1705 2000 jam

199 2016 294 2058 inde
317 2016 437 2058 Elide
449 2024 592 2071 pastor
596 2015 758 2073 factus,
787 2016 903 2057 aliud
921 2023 1071 2074 ageret,
1102 2015 1289 2073 neglectis
1312 2016 1433 2057 etiam
1453 2015 1599 2057 bobus.-
1650 2013 1707 2078 {d

203 2089 310 2144 quod
331 2089 540 2130 Blercurio
565 2089 653 2130 illos
667 2087 851 2145 furandi
876 2089 1116 2131 occasionem
1143 2088 1281 2138 dedit,·
1311 2088 1381 2145 qui
1405 2087 1547 2130 deinde
1567 2086 1707 2140 Batti,
1767 2109 1771 2112 ’

205 2162 299 2202 cum
319 2162 352 2201 is
371 2161 470 2202 solus
486 2168 578 2202 esset
583 2159 703 2217 furti
715 2161 901 2211 conscius,
916 2160 1091 2216 Pfflfidid
1105 2175 1144 2201 se
1157 2161 1435 2202 commutando
1449 2160 1704 2216 deprehensd,

201 2234 246 2274 in
280 2233 449 2274 indicem
487 2233 658 2288 lapidem
693 2248 779 2274 eum
814 2234 1022 2274 convertit.
1053 2267 1062 2271 -
1085 2232 1189 2274 Inde
1218 2234 1262 2274 in
1284 2232 1468 2274 Atticam
1494 2232 1701 2287 ingressus,

205 2304 349 2355 Herse,
374 2304 560 2359 Cecropis
562 2304 676 2360 filici,
694 2306 863 2359 potitur.
913 2304 992 2347 Cui
1011 2305 1105 2346 dum
1124 2305 1278 2347 invidet
1295 2318 1405 2346 soror
1424 2303 1641 2360 Aglauros,
1657 2304 1702 2345 in

201 2391 339 2418 saxum
360 2377 585 2434 obrigescit.
648 2377 797 2418 Postea
828 2377 1006 2432 Jupiter,
1036 2375 1125 2419 cum
1144 2378 1272 2433 ipsum
1293 2376 1406 2418 boves
1430 2375 1624 2431 Agenoris
1647 2375 1704 2416 ad
1762 2394 1769 2399 ⁴

209 2451 318 2491 littus
327 2449 543 2490 'advertere
549 2450 742 2505 jussisset,
760 2447 918 2505 sumpta
935 2449 1044 2490 tauri
1057 2449 1194 2505 specie,
1217 2449 1429 2510 Europam,
1434 2461 1511 2502 per
1528 2461 1638 2488 mare
1657 2447 1700 2487 in

209 2521 373 2564 Cretam
393 2522 624 2564 transveaeit.
895 2526 900 2529 “
