1824 2991
590 124 987 170 METAMORPH.
1018 125 1117 168 Lm.
1146 126 1204 168 X.

123 219 240 262 Colla
259 216 368 260 canis
383 215 508 259 vidit:
529 231 653 273 quem
673 231 754 258 non
773 231 897 272 pavor

124 277 260 321 Quam
283 282 423 316 natura
440 274 560 330 prior,
574 289 670 315 saxo
690 288 760 329 per
779 288 921 327 corpus
937 275 1078 314 oborto
1095 290 1105 315 ε

122 332 287 387 Quique
307 332 349 372 in
368 347 408 372 se
428 331 581 372 crimen
601 333 735 382 traxit,
754 331 962 385 voluitque
983 329 1108 371 videri

122 387 276 430 Olenos
296 403 379 430 esse
400 393 549 429 nocens
568 403 578 438 3
598 395 736 442 tuque,
757 389 782 428 ὃ
800 387 950 427 confisa
964 385 1118 440 figurae,

121 443 269 486 Infelix
289 445 472 495 Leffiaea,
490 453 571 485 tuae
587 459 598 494 3
613 443 868 500 junctissima
884 446 1089 498 quondam

1563 129 1648 179 287

914 218 1007 257 amb
1028 215 1203 271 reliquit,
1247 214 1440 256 estligatunn
1457 226 1546 256 quem
1559 217 1650 247 timor

1250 268 1308 287 non
1329 259 1406 298 prins
1425 260 1535 294 omi-it,
1558 260 1648 299 quam

1249 308 1350 329 natura
1372 301 1462 340 prior,
1492 302 1573 331 nilico
1599 311 1652 341 per

1249 342 1382 372 membra
1392 343 1509 378 exortam
1522 342 1646 373 velOle-

1248 395 1316 420 nm,
1335 385 1386 424 qui
1410 385 1440 414 in
1459 394 1491 413 se
1510 385 1651 416 derivavit

1248 426 1376 467 culpam,
1399 434 1429 456 et
1451 426 1542 456 voluit
1559 428 1649 458 videri

1248 479 1334 497 reus:
1362 476 1467 508 tuque,
1493 470 1512 498 0
1541 470 1648 499 misera

1176 443 1232 492 70

69 517 72 519 ”
119 499 302 551 Pectora,
323 516 432 542 nunc
454 500 619 555 lapides,
634 515 733 555 quos
748 500 915 541 humida
931 500 1100 540 sustinet
1119 499 1205 541 Ide.
1249 509 1384 546 Lethaea,
1412 511 1521 540 confisa
1548 509 1650 541 formae

120 556 331 608 Orant-em,
351 558 573 614 frustraque
593 557 738 598 iterum
755 557 921 598 transire
940 558 1158 607 volentem,

120 613 293 655 Portitor
306 623 502 657 arcuerat.
557 613 725 669 Septem
747 622 883 654 tamen

120 669 351 724 Squallidus
371 672 413 711 in
434 671 521 727 ripa
541 671 696 713 Cereris
714 670 800 711 sine
820 684 988 711 munere
1004 669 1118 710 sedit.

122 726 242 778 Cura,
255 727 447 782 dolorque
461 728 604 779 animi,
624 728 884 782 lachrymaeq5

120 781 220 824 Esse
240 782 350 824 Deos
366 783 490 825 Erebi
512 786 692 825 crudeles
712 792 886 839 questus,

1249 560 1332 588 tuoe5
1366 551 1444 582 olim>
1464 553 1651 591 junctissima

1273 602 1380 631 ectora,
1391 605 1472 624 nunc
1487 605 1566 631 saxa,
1580 605 1648 635 quae

1249 605 1304 666 ide
1354 647 1462 678 aquosa
1512 638 1649 667 sustinet.

1250 677 1377 709 Portitor
1385 677 1574 720 prohibuerat
1583 689 1650 720 pr&

900 727 1095 768 alimenta
1110 726 1234 768 sussre.
1250 731 1377 758 cantem,
1390 729 1420 751 et
1432 721 1539 752 frustra
1550 723 1650 752 denuo

907 784 947 824 in
967 785 1103 824 altam‘
1176 784 1233 833 76
1250 772 1571 847 {assss‘ssssiessziess‘sssaeffi
1590 762 1654 836 (1ιῖἒῖ

901 614 969 654 ille
989 613 1130 654 diebus

121 840 176 881 Se
211 840 355 894 recipit
400 841 642 896 Rhodopen,
684 841 931 895 pulsumque
964 839 1235 895 Aquilonibus
1252 847 1307 877 bus
1326 848 1362 878 ad
1381 849 1485 889 ripam,
1507 848 1653 886 sordidus,

288 895 493 939 Haemon.

120 951 282 994 Tertius
301 955 495 1009 aequoreis
513 953 714 995 inclusu'm
737 952 918 996 Piscibus
937 967 1091 994 annum

124 1008 303 1051 Finierat
320 1012 468 1062 Titan3
491 1024 738 1064 omnemque
758 1011 958 1063 refugerat
977 1010 1164 1065 Orpheus

122 1065 680 1118 FoemineamVenere1n3seu
691 1067 797 1121 quod
806 1069 911 1107 male
921 1074 1090 1107 cesserat
1101 1066 1158 1107 illi
1162 1069 1232 1115 380

123 1122 219 1164 Sive
237 1122 359 1165 fidem
377 1123 552 1165 dederat.
595 1123 749 1164 Multas
766 1131 904 1164 tamen
924 1123 1040 1164 ardor
1058 1122 1233 1164 habebat

120 1177 149 1219 J
152 1193 302 1234 ungere
321 1194 363 1221 se
383 1180 476 1232 vati,
495 1181 636 1221 multae
652 1180 817 1221 doluere
833 1181 1014 1234 repulsae.

123 1233 199 1288 llle'
217 1235 341 1277 etiam
359 1237 566 1279 Thracum
586 1236 746 1292 populis
766 1236 844 1277 fuit
860 1244 1012 1287 auctor,
1031 1249 1212 1278 amorem

121 1290 171 1332 In
185 1300 343 1335 teneros
361 1294 573 1335 transferre
590 1307 719 1335 mares
734 1309 746 1345 3
767 1292 948 1348 citraque
960 1292 1175 1349 juventam

121 1347 269 1391 ‚²Etatis
282 1351 402 1391 breve
420 1364 500 1402 ver,
520 1358 561 1391 et
576 1350 726 1404 primos
745 1363 908 1404 carpere
921 1350 1050 1391 flores.

98 1402 109 1407 ”
178 1406 235 1448 11.
269 1406 394 1458 Collis
405 1415 502 1458 erat,
517 1409 706 1462 collemq3
721 1420 840 1462 super
850 1406 1084 1461 planissima
1098 1420 1218 1462 camp

123 1463 249 1512 Area3
270 1476 392 1518 quam
411 1464 582 1505 viridem
601 1463 805 1505 faciebant
818 1460 1014 1517 graminis
1027 1464 1176 1504 herbae.

58 1551 63 1554 .
124 1519 283 1560 Umbra
301 1521 391 1561 loco
410 1520 558 1562 deerat.
590 1519 688 1564 Qua
701 1528 913 1576 postquam
927 1528 1039 1575 parte
1058 1520 1205 1562 resedit
1248 1522 1452 1554 obstrinxerat·
1484 1523 1652 1554 Multaeta-

121 1573 199 1617 Dis
213 1575 373 1632 genitus
392 1585 514 1629 vateS,
533 1585 573 1618 et
591 1575 661 1618 fila
675 1577 863 1619 sonantia
881 1577 1033 1629 movit3

1232 894 1235 898 ’
1252 890 1317 919 sine
1343 901 1428 931 pane.
1474 889 1652 921 Sollicitudo

1252 939 1283 973 et
1306 943 1413 963 moeror
1436 933 1540 969 animi,
1563 941 1653 973 atque

1250 972 1407 1015 laclirymae
1421 973 1535 1005 fuerant
1555 975 1598 1005 illi
1618 976 1651 1006 in

1249 1026 1357 1047 escam.
1389 1015 1547 1057 Postquam
1563 1028 1654 1058 ques·

1249 1065 1294 1088 tus
1307 1068 1384 1089 esset
1394 1057 1477 1089 Deos
1487 1059 1650 1092 inferorum

1248 1109 1311 1130 esse
1324 1110 1426 1137 soevos,
1449 1112 1480 1131 se
1497 1102 1602 1142 recipit
1618 1102 1650 1132 in

1248 1142 1392 1172 excelsam
1419 1141 1587 1183 Rhodopen
1617 1150 1648 1173 et

1249 1183 1379 1215 Haemon
1391 1185 1534 1226 agitatum
1544 1184 1653 1216 Borea.

1249 1224 1302 1257 Sol
1319 1228 1406 1258 tertio
1423 1227 1582 1258 absolverat
1597 1239 1652 1258 an-

1250 1279 1323 1299 num
1335 1268 1577 1310 comprehensum
1588 1271 1649 1311 pis-

1251 1311 1334 1341 cibus
1355 1313 1516 1352 aequoreis;
1541 1319 1571 1341 et
1589 1311 1649 1346 01-

1178 1354 1233 1392 85
1251 1352 1346 1394 pheus
1359 1354 1415 1384 sibi
1438 1361 1650 1395 temperaverat

1221 1407 1233 1448 i
1250 1396 1288 1425 ab
1314 1398 1395 1426 omni
1423 1396 1563 1427 foeminea
1592 1395 1653 1426 Ve-

1250 1448 1333 1475 nere,
1351 1439 1411 1468 sive
1426 1440 1504 1479 quod
1520 1439 1595 1470 male
1609 1438 1652 1469 illi

1248 1489 1383 1517 verterat,
1399 1481 1458 1511 sive
1470 1481 1548 1522 quod
1565 1482 1653 1511 fidem

1248 1576 1318 1596 men
1341 1567 1469 1597 maximo
1488 1576 1650 1607 opere-cu—

1247 1608 1372 1649 piebant
1404 1609 1535 1649 copulati
1578 1619 1648 1639 cum

122 1657 199 1688 vate,
221 1648 323 1682 multae
339 1650 376 1681 ab
392 1650 444 1681 illo
464 1652 610 1694 neglectae
624 1652 702 1693 aegre
723 1651 797 1682 illud
819 1661 914 1693 passae
937 1658 1017 1681 sunt.
1059 1648 1114 1682 Ille
1134 1652 1221 1682 etiam
1241 1651 1331 1680 suasit
1351 1648 1516 1681 Thracibus
1530 1651 1650 1692 populis

123 1701 251 1723 amorem
266 1694 461 1725 transmittere
475 1695 506 1725 in
521 1693 623 1725 molles
637 1703 753 1734 puero5‚
775 1700 807 1723 et
827 1693 958 1734 deripere
979 1694 1090 1734 primos
1103 1693 1188 1724 flores
1202 1695 1275 1724 citra
1289 1694 1492 1733 juventutem,
1514 1700 1546 1723 et
1559 1692 1647 1724 breve

123 1744 174 1764 ver
186 1736 294 1767 καεὶς.

168 1775 211 1806 11.
224 1775 316 1807 Mons
330 1784 405 1814 erat,
416 1784 447 1807 et
460 1787 549 1818 super
563 1784 695 1808 montem
709 1777 837 1851 sgnum
851 1777 947 1818 campi
962 1776 1180 1819 planissimum,
1191 1776 1271 1818 quod
1285 1776 1467 1818 graminibus
1475 1776 1649 1809 virescebat.

125 1815 238 1849 Umbra
253 1818 295 1850 ibi
309 1826 370 1850 erat
384 1819 475 1859 nulla;
491 1819 541 1850 ubi
555 1826 714 1862 postquam
762 1819 799 1851 iis
809 1827 892 1851 ortus

908 1827 988 1851 vates
999 1819 1145 1858 consedit,
1161 1828 1191 1850 et
1205 1820 1332 1862 pulsavit
1347 1829 1449 1851 nervos
1460 1829 1594 1858 sonoros,

812 1948 956 1982 NOTAE.

120 2007 225 2048 pinet,
238 2006 318 2039 unde
327 2007 424 2050 capite
438 2007 582 2039 inclinato
594 2009 786 2050 prospiceret,
798 2008 862 2040 viso

121 2048 262 2087 Cerbero,
272 2061 361 2091 quern
373 2051 423 2081 ille
434 2049 581 2089 trahebat,
590 2051 722 2093 diriguit.
743 2050 794 2082 De
803 2050 861 2082 hoc

177 2091 309 2123 verbium
329 2101 410 2124 extat
434 2093 588 2136 δειλότερος
614 2094 860 2136 παραιῦπτοντος.

153 2133 200 2164 ide
215 2133 347 2166 Suidam.

165 2180 218 2207 6⁵.
231 2176 346 2217 Medio]
364 2175 484 2207 Cerberi
498 2176 586 2208 collo.

165 2222 217 2250 68.
239 2218 367 2260 Quique]
391 2218 506 2250 Olenus
527 2228 573 2250 est
592 2217 725 2251 Lethm
744 2221 864 2260 conjux.

123 2257 232 2291 Uxoris
246 2262 370 2299 crimen,
383 2263 450 2302 qu'ae
461 2272 492 2291 se
504 2260 722 2303 pulchritudine
736 2262 860 2294 Deabus

120 2311 292 2345 praeponere
307 2314 376 2334 ausa
390 2303 496 2340 suerat,
518 2313 578 2334 non
594 2305 701 2334 veritus
714 2315 802 2335 suum
817 2304 861 2335 fa-

122 2349 205 2382 eereg
227 2345 418 2386 quamobrem
439 2345 499 2376 una
519 2355 588 2377 cum
607 2345 658 2378 illa
678 2347 710 2377 in
732 2346 859 2388 lapidem

123 2393 222 2417 'mm
233 2395 292 2419 et·

165 2431 217 2462 ⁶9.
234 2427 366 2472 Corfisa]
381 2429 514 2462 Turneb.
525 2429 577 2461 lib.
590 2431 650 2462 i..c.
660 2435 712 2461 23.
723 2430 796 2473 legit
804 2431 861 2462 Tu·

186 2469 204 2501 ⁶
211 2472 450 2512 mfimfflrm
458 2481 548 2514 atque
556 2473 834 2514 interpretaturffu,
842 2474 864 2504 6

121 2478 260 2549 miza.
269 2523 337 2545 emn
348 2515 441 2557 lig-ura
453 2516 504 2546 tna
518 2517 549 2546 in
558 2515 685 2557 lapidem
695 2516 860 2558 obriguisti.

166 2559 216 2588 71.
231 2554 294 2596 Ide]
319 2554 412 2587 Mons
425 2555 561 2600 Phrygia
578 2557 714 2600 plurimis
728 2558 862 2590 fontibus

120 2602 246 2627 sstem.

167 2643 183 2673 7
191 2644 219 2669 a.
227 2637 368 2680 Portitor]
387 2639 518 2680 Chmn,
532 2642 583 2685 qui
592 2641 752 2676 inferorum
762 2643 862 2686 portui
888 2674 895 2678 .

123 2687 241 2722 putent.

946 2012 997 2044 76.
1019 2007 1129 2049 Erebi]
1153 2007 1201 2041 Ex
1215 2009 1300 2041 Chao
1317 2017 1348 2041 et
1362 2010 1497 2053 Caligine
1512 2014 1650 2053 progeni-

902 2057 950 2081 tus
965 2050 1023 2081 fuit
1045 2050 1094 2082 hic
1109 2051 1200 2083 Lethi
1221 2062 1315 2094 pater,
1337 2055 1388 2094 qui
1411 2055 1570 2095 saepissime
1592 2065 1647 2097 pro

902 2093 970 2135 ipsa
981 2092 1144 2131 inferorum
1158 2096 1226 2125 sede
1241 2097 1259 2126 a
1273 2097 1365 2136 poetis
1380 2097 1516 2126 sumitur.

948 2141 999 2170 77.
1013 2136 1153 2176 Haemmz]
1171 2136 1264 2168 Mons
1275 2137 1421 2176 Thraciae,
1442 2137 1549 2169 Boreae
1564 2149 1645 2171 max·

904 2178 964 2208 ime
976 2177 1129 2208 obnoxius.

949 2224 999 2254 78.
1014 2221 1166 2251 Inclusmn
1178 2221 1322 2262 Piscibus]
1347 2221 1481 2252 Piscibus
1502 2225 1642 2254 termina-

902 2268 978 2293 tum.
1014 2261 1095 2293 Nam
1106 2261 1205 2293 Pisces
1220 2264 1332 2295 zodiaci
1346 2265 1484 2295 ultimum
1500 2274 1567 2296 sunt
1581 2267 1642 2306 sig-

902 2314 987 2343 num,
997 2314 1168 2345 annumque
1180 2308 1351 2337 terminant.
1384 2306 1539 2347 Significat
1551 2309 1642 2349 igitur

902 2354 960 2377 tres
973 2356 1067 2377 annos
1080 2347 1218 2379 transisse
1232 2348 1249 2378 a
1262 2359 1356 2379 morte
1366 2348 1536 2390 Eurydices.

946 2389 1171 2430 lb.AEquoreis]
1200 2389 1248 2421 Ita
1270 2400 1391 2422 veteres.
1435 2390 1538 2422 Scribe
1553 2390 1641 2421 nibil·

903 2433 1021 2462 ominus
1040 2432 1171 2463 oethcre'is
1178 2444 1192 2471 ;
1213 2433 1250 2463 de
1264 2434 1351 2476 signo
1365 2434 1444 2465 euim
1466 2433 1576 2464 coelesti
1591 2432 1642 2463 hie

904 2475 1010 2517 agitur.
1030 2473 1134 2505 Heius.

947 2523 998 2548 81.
1013 2515 1115 2547 Fidem
1124 2517 1254 2558 dederat]
1279 2516 1359 2556 Sive,
1374 2519 1470 2558 inquit
1484 2521 1580 2557 pocta,
1597 2517 1644 2546 in·

903 2558 997 2590 felicis
1019 2560 1149 2600 conjugii
1171 2559 1282 2598 dolore,
1309 2563 1370 2591 sive
1394 2559 1472 2600 quod
1494 2560 1534 2588 ita
1557 2558 1640 2588 uxori

902 2601 1053 2643 pollicitus
1064 2610 1154 2639 esset,
1168 2602 1279 2633 nullam
1291 2602 1441 2634 foeminam
1454 2600 1569 2631 mortua
1578 2598 1645 2631 Eu·

901 2644 1000 2685 rydice
1013 2642 1154 2686 Orpheus
1168 2646 1315 2686 attigerat.

947 2692 997 2718 89.
1010 2686 1082 2716 Diis
1087 2687 1218 2726 genitus]
1233 2687 1372 2727 Apolline
1384 2684 1534 2726 scilicetet
1550 2682 1644 2717 ΜΝ

900 2725 1047 2768 Calliope,
1062 2736 1096 2758 ut
1109 2728 1244 2770 plurimis
1250 2728 1356 2769 placet.
